3618 5968
536 714 834 768 onsenvsmouns
859 713 1143 768 arrensrmosn.
1421 697 1493 768 229

163 890 301 967 Antiqua
327 899 424 949 aetate
450 909 516 948 cum
544 890 701 967 legionarii
728 891 838 948 milites
866 873 995 950 noudum
1022 891 1054 949 in
1080 891 1217 950 cohortes
1240 891 1368 949 ordinati
1391 909 1493 950 secun·

164 993 236 1050 dum
259 993 477 1068 stipendiorum
504 1012 660 1052 numerum
686 992 876 1071 potissimum
903 994 934 1050 in
961 994 1020 1052 tria
1046 1013 1156 1072 genera
1176 992 1305 1070 pilorum
1327 995 1493 1072 principum

162 1095 350 1154 hastatorum
367 1094 624 1168 distribuerentur,
647 1095 833 1154 centuriones
847 1113 965 1171 quoque
981 1095 1116 1154 similiter
1131 1095 1244 1156 divisos
1259 1113 1327 1156 esse
1341 1097 1398 1154 viri
1414 1095 1493 1153 docti

166 1204 312 1269 statuunt,
335 1197 449 1256 scilicet
463 1208 531 1275 post
546 1198 646 1257 decern
670 1197 746 1274 pilos
768 1198 902 1275 priorum
924 1198 1124 1258 centuriarum
1138 1199 1237 1258 —ita
1258 1199 1337 1256 enim
1358 1207 1420 1257 tum
1443 1217 1493 1274 ap·

161 1299 355 1376 pellabantur
382 1318 545 1378 suppressa
571 1311 670 1358 tamen
698 1309 729 1358 ut
754 1301 784 1358 iu
812 1300 935 1376 reliquis
964 1302 1092 1378 passim,
1123 1303 1165 1360 ita
1194 1319 1311 1376 semper
1337 1302 1367 1360 in
1394 1301 1490 1376 primo

162 1401 380 1480 significatione
412 1403 561 1462 centuriae
584 1435 625 1446 -·
646 1411 765 1462 secutos
791 1420 858 1462 csse
892 1403 992 1461 decern
1019 1404 1097 1480 pilos
1125 1404 1324 1462 centuriarum
1345 1404 1491 1481 posterio-

161 1523 239 1574 rum,
261 1511 332 1579 post
353 1504 431 1580 pilos
450 1523 554 1564 omnes
569 1505 668 1563 venire
690 1505 818 1580 primum
840 1505 1004 1582 principem
1026 1505 1217 1582 reliquosque
1239 1505 1398 1582 principes,
1419 1505 1491 1564 item

159 1615 232 1681 post
254 1606 309 1664 hos
331 1610 460 1682 primum
483 1608 633 1666 hastatum
656 1615 686 1664 et
707 1607 843 1665 hastatos
864 1606 998 1682 reliquos
1020 1625 1115 1683 usque
1137 1609 1175 1666 ad
1197 1608 1341 1666 decimum
1357 1609 1491 1666 ordinem

161 1709 314 1768 hastatum
336 1709 511 1786 posterioris
526 1709 676 1768 centuriae
691 1707 820 1766 omnium
843 1709 985 1768 intimum.
1025 1707 1205 1783 Quodnam
1228 1721 1305 1769 recte
1327 1721 1441 1788 ponant
1451 1708 1489 1784 ¹),

159 1829 221 1870 non
248 1811 396 1886 disquiro:
430 1830 526 1887 neque
552 1812 630 1870 enim
660 1820 836 1888 argumenta
857 1813 887 1870 in
914 1811 1036 1870 alteram
1065 1821 1161 1870 utram
1188 1821 1301 1888 partem
1329 1819 1491 1890 suppetunt

160 1921 243 1970 certa
264 1920 294 1972 et
314 1913 473 1990 explorata
494 1933 590 1992 neque
612 1915 678 1989 ipsa
699 1914 836 1990 quaestio
859 1914 928 1972 huic
949 1914 1015 1972 loco
1031 1914 1104 1972 satis
1121 1922 1191 1990 apta
1206 1925 1261 1974 est.
1299 1911 1359 1974 Sed
1375 1923 1407 1972 ut
1421 1933 1492 1972 vera

161 2015 231 2084 sint,
256 2015 426 2074 cohortibus
444 2017 589 2076 institutis
612 2027 643 2074 ut
658 2016 803 2075 vocabula
817 2016 1023 2076 centurionum
1042 2025 1156 2076 mutata
1175 2025 1253 2090 sunt,
1272 2018 1316 2075 ita
1334 2035 1353 2074 a
1369 2017 1490 2075 cohorte

160 2117 350 2192 potissimum
374 2119 546 2194 dignitatem
576 2137 675 2177 eorum
704 2117 932 2178 determinatam
958 2136 1023 2176 esec
1053 2120 1217 2178 ostendam.
1261 2119 1302 2177 Et
1333 2118 1371 2178 ad
1404 2137 1489 2177 voca-

158 2219 230 2277 bula
256 2219 336 2295 quod
363 2222 478 2292 attinet,
502 2223 611 2280 mansit
633 2221 771 2297 antiquus
794 2237 866 2279 usus
892 2221 923 2278 in
946 2221 1011 2278 solo
1035 2222 1206 2280 centurione
1228 2221 1360 2280 omnium
1382 2221 1489 2296 primo,

157 2322 269 2398 quippe
296 2321 346 2398 qui
374 2333 435 2380 tarn
469 2323 524 2381 hac
557 2331 652 2382 aetate
686 2342 774 2400 quam
806 2323 1001 2399 praecedente
1033 2322 1235 2400 appellaretur
1258 2327 1372 2399 primus
1397 2323 1487 2399 pilus.

160 2423 316 2482 Secundus
343 2423 450 2482 deinde
478 2435 508 2482 et
536 2426 651 2495 tertius,
680 2425 750 2484 olim
780 2424 850 2516 dicti
883 2426 997 2501 primus
1029 2430 1166 2501 princeps
1199 2425 1308 2502 prioris
1338 2424 1488 2484 centuriae

158 2535 188 2584 et
220 2527 335 2602 primus
367 2527 504 2586 hastatus
536 2527 645 2602 prioris
678 2527 839 2598 centuriae,
876 2528 931 2585 hac
963 2536 1060 2587 aetate
1092 2527 1267 2606 plerumque
1299 2527 1488 2604 appellantur

156 2628 209 2686 ille
231 2631 367 2705 princeps
396 2632 537 2704 praetorii
569 2630 615 2686 vel
637 2633 776 2706 princeps
806 2631 892 2699 nude,
920 2630 968 2688 hic
996 2632 1123 2689 lactatus
1143 2634 1256 2706 primus
1283 2629 1330 2688 vel
1357 2631 1486 2688 nastolae

157 2730 247 2800 nude,
269 2729 347 2789 sicut
367 2732 446 2790 infra
469 2731 608 2808 exempla
629 2730 785 2790 docebunt.
822 2729 938 2790 Cohors
959 2731 990 2789 in
1012 2733 1060 2791 his
1083 2733 1253 2790 enuntiatur
1274 2731 1355 2808 apud
1377 2729 1488 2790 Caesa·

158 2853 219 2891 rem
243 2833 272 2890 b.
285 2851 310 2890 c.
328 2833 356 2900 3,
373 2831 421 2902 64,
445 2834 494 2892 ιι6ἱ
510 2832 658 2892 secundus
680 2834 813 2892 centurio
836 2834 962 2910 legionis
982 2838 1094 2909 prinmo
1109 2835 1230 2894 cohortis
1249 2838 1384 2909 princeps
1402 2837 1487 2910 prior

158 2934 338 3012 appellatur,
367 2933 396 2991 in
420 2935 513 2992 titulis
536 2943 635 2992 autem
659 2935 709 2992 rix
733 2954 872 3011 umquam
898 2933 1083 3013 reperitur²)
1105 2945 1134 2995 et
1156 2936 1276 2994 omuino
1298 2937 1329 2994 in
1352 2936 1398 2994 his
1420 2955 1487 2994 cen·

156 3037 324 3095 turionibus
348 3037 540 3110 imperatoria
562 3045 657 3096 aetate
673 3037 781 3096 cohors
800 3057 860 3096 non
881 3038 997 3098 solebat
1019 3039 1176 3097 enuntiari.
1217 3039 1251 3096 ln
1273 3037 1396 3115 reliquis
1418 3057 1486 3096 oen-

156 3139 323 3198 turionibus
343 3138 413 3196 inde
434 3156 452 3195 a
471 3149 577 3216 quarto
597 3140 722 3216 antiqua
743 3139 889 3197 vocabula
909 3140 996 3198 etiam
1016 3149 1087 3217 post
1105 3141 1243 3200 cohortes
1264 3141 1416 3199 institutas
1431 3140 1486 3198 ali-

155 3241 296 3318 quamdiu
314 3241 461 3299 mansisse
480 3240 641 3300 ostendunt
659 3241 737 3298 tituli
758 3242 827 3312 duo,
849 3242 927 3300 inira
946 3262 974 3300 n.
987 3243 1025 3300 49
1050 3242 1180 3317 scriptus
1203 3251 1253 3302 aut
1273 3243 1368 3302 libera
1383 3243 1483 3300 etiam·

155 3353 217 3402 tum
240 3365 272 3402 re
296 3342 416 3421 publica
436 3351 488 3400 aut
509 3344 565 3402 sub
588 3343 673 3402 initia
694 3345 833 3420 Augusti,
856 3344 886 3402 in
909 3363 969 3420 quo
993 3353 1038 3401 est
1057 3348 1191 3420 princeps
1215 3348 1324 3416 tertius,
1346 3353 1375 3403 et
1396 3365 1426 3403 n.
1444 3344 1483 3402 56

156 3448 287 3522 scriptus
310 3465 369 3503 non
393 3455 460 3503 ante
483 3445 677 3517 Hadrianum,
701 3446 739 3503 ab
755 3446 897 3504 Henzeno
924 3446 1005 3522 (ann.
1029 3447 1097 3504 inst.
1123 3446 1201 3506 1858
1224 3465 1252 3522 p.
1270 3446 1323 3523 34)
1344 3447 1485 3525 probabi-

154 3550 222 3607 liter
254 3547 390 3625 expletus
424 3547 453 3604 in
488 3548 565 3606 hunc
601 3549 734 3606 modum:
769 3552 893 3607 centurio
926 3547 1069 3623 [lepilonr's
1098 3549 1220 3608 eusdem
1252 3549 1373 3625 [oct]cus
1401 3550 1482 3626 pilus

232 3751 255 3814 ¹)
276 3753 473 3804 ordinationem
499 3769 574 3818 quam
600 3770 677 3820 supra
701 3755 843 3820 significavi
868 3754 1031 3804 commendat
1053 3755 1097 3820 qui
1120 3756 1266 3820 nuperrime
1289 3771 1343 3806 rem
1365 3765 1482 3808 accurate

153 3847 321 3911 pertractarit
341 3847 375 3896 Α.
394 3846 504 3897 Mueller
522 3848 539 3896 l.
560 3863 582 3896 c.
603 3847 636 3910 (v.
657 3864 682 3912 p.
697 3849 749 3898 226
769 3856 822 3898 not.
840 3846 879 3908 l),
903 3863 959 3896 cum
979 3847 1172 3912 Marquardtius
1191 3845 1445 3916 (Staateoerwaltanp
1465 3852 1481 3900 2

151 3956 176 4004 p.
191 3937 257 3998 358)
277 3939 371 4002 aliique
396 3938 462 4003 pilos
482 3941 609 4004 principes
630 3940 743 3990 hastatos
768 3941 882 4004 priorum
907 3941 1078 3989 centuriarum
1098 3955 1186 3991 omnes
1210 3949 1370 4006 praeponant
1394 3949 1480 3992 centu·

150 4031 268 4080 tionibus
293 4030 464 4081 centuriarum
488 4033 666 4095 posteriorum.
709 4036 746 4082 At
770 4033 878 4083 sortasse
904 4039 994 4081 neuma
1018 4033 1107 4097 opinio
1131 4047 1191 4083 veru
1215 4041 1262 4082 est.
1309 4034 1481 4099 Reperiuntur

151 4125 248 4173 scilicet
274 4123 343 4187 apud
364 4133 481 4173 auctores
501 4125 544 4188 qui
564 4123 639 4174 huius
659 4126 749 4174 aetatis
776 4131 918 4189 magestas
938 4131 1089 4175 enarrarunt
1107 4133 1208 4190 praeter
1226 4127 1323 4190 primos
1342 4127 1409 4191 pilos
1423 4128 1479 4194 pri·

150 4231 203 4264 mus
223 4215 346 4282 princepe
367 4217 465 4282 prioris
488 4217 614 4266 cenurriae
639 4215 704 4277 (Liv.
719 4219 763 4278 42,
778 4217 823 4278 ut)
843 4217 985 4283 -primus
998 4217 1120 4283 princeps
1140 4217 1205 4278 (Liv.
1221 4219 1264 4280 25,
1281 4220 1323 4268 lt.
1344 4220 1387 4280 26,
1403 4219 1430 4281 6)
1444 4249 1477 4258 -

148 4307 246 4374 primus
267 4305 382 4356 hastatus
406 4307 473 4368 (Lir.
488 4311 530 4368 27,
548 4310 594 4370 14;
619 4308 734 4370 Oros.4‚
751 4311 763 4358 1
785 4310 928 4360 accuratius
952 4309 1134 4375 quamFlorus
1151 4311 1265 4371 1,13,9
1285 4312 1329 4376 qui
1351 4311 1481 4362 substituit

150 4415 183 4450 ex
203 4414 265 4450 suae
285 4400 377 4449 aetatis
390 4401 575 4450 consuetudine
587 4399 711 4451 lanatum
731 4400 808 4462 nude)
823 4429 856 4437 —
871 4400 992 4451 secandus
1005 4399 1120 4450 hortatus
1139 4401 1204 4462 (Lir.
1215 4403 1258 4464 26,
1275 4402 1301 4464 5)
1316 4428 1348 4440 -
1364 4402 1478 4455 decumus

149 4491 212 4542 ordo
232 4489 349 4542 halatur
373 4491 438 4554 (Lir.
453 4493 497 4553 42,
513 4493 567 4555 34).
601 4495 669 4546 Sane
689 4494 781 4543 mirum
801 4500 839 4542 est
858 4501 959 4557 praeter
977 4495 1087 4558 primum
1107 4494 1187 4558 pilum
1206 4495 1275 4545 solos
1294 4495 1347 4544 sere
1367 4511 1478 4546 comme-

150 4586 246 4634 morari
271 4585 382 4648 primum
406 4585 548 4649 principem
574 4594 599 4635 et
623 4587 732 4651 primum
759 4586 894 4646 hastatum,
919 4587 1044 4650 siquidem
1074 4587 1171 4652 primus
1195 4588 1314 4652 princeps
1338 4590 1476 4638 secundum

149 4677 304 4726 Muellerum
336 4677 470 4726 vicesimus
498 4678 607 4741 primus,
639 4679 778 4728 seeundum
807 4679 1011 4742 lllsrquardtium
1038 4679 1189 4728 undecimus
1217 4680 1393 4730 centurionum
1418 4681 1475 4742 luit,

149 4769 246 4832 primus
279 4768 394 4818 hastatus
420 4769 559 4819 secundum
588 4769 660 4819 illum
690 4769 899 4834 quadragesimus
923 4771 1034 4834 primns,
1066 4773 1205 4821 seeundum
1240 4771 1308 4822 hunc
1340 4773 1475 4823 vicesimus

149 4862 254 4924 primus.
293 4861 420 4924 Equidem
445 4863 525 4926 magis
551 4863 702 4912 crediderim
726 4863 902 4912 centurionum
922 4863 1097 4927 dignationem
1125 4864 1328 4928 omnitempore
1348 4865 1475 4914 derectam

150 4967 203 5002 esse
229 4952 391 5018 aliquatenus
413 4961 480 5005 certe
505 4957 539 5004 ad
563 4955 751 5006 ordinationem
777 4954 942 5016 cohortalem,
972 4971 1047 5020 quam
1072 4963 1172 5005 constat
1194 4957 1281 5022 aliquo
1313 4957 1391 5006 modo
1421 4964 1473 5006 tum

149 5060 249 5110 quoque
268 5045 356 5108 fuisse,
382 5061 438 5095 cum
458 5062 474 5097 a
493 5047 574 5097 tribus
598 5049 708 5098 militurn
731 5047 868 5111 generibus
887 5047 1015 5096 ordinatio
1037 5047 1145 5112 legionis
1164 5049 1300 5113 pendebat,
1320 5057 1345 5098 et
1363 5049 1473 5113 primurn

149 5138 291 5202 principem
313 5153 344 5188 eo
364 5153 465 5203 quoque
488 5147 603 5205 tempore
628 5141 766 5190 secundum
786 5141 813 5190 iu
832 5141 933 5204 legione
952 5140 1125 5190 centurionem
1144 5141 1232 5202 fuisse,
1258 5142 1369 5205 primurn
1389 5141 1473 5191 hasta

150 5236 202 5280 tum
222 5231 334 5281 tertium.

225 5320 250 5383 ²)
269 5323 456 5388 Exceptionem
476 5324 538 5374 lacit
557 5341 621 5375 unua
641 5325 727 5376 titulus
747 5342 772 5390 p.
787 5329 839 5377 232
854 5343 879 5376 ιι.
895 5327 929 5376 24
948 5341 995 5376 nec
1013 5325 1132 5376 lectionis
1150 5325 1213 5376 satis
1232 5332 1315 5376 certae
1334 5339 1416 5392 neque
1435 5325 1473 5378 in·

152 5415 347 5478 terpretationis.
