3640 5976
406 597 480 672 534
976 621 1156 674 4444444

466 792 494 852 2.
528 793 648 872 Lapatia
670 794 809 871 legionum
829 813 888 855 non
911 795 1001 854 simul
1023 796 1211 873 praesidibus
1233 795 1467 874 provinciarum:

554 897 760 956 cornicularius
783 918 812 975 p.
827 898 887 958 413
911 897 1002 958 413.
1021 899 1067 958 14.

554 1002 807 1058 commentar-terrete
828 1017 857 1075 p.
874 999 934 1058 424
956 1002 1016 1060 47
1040 999 1270 1079 (probabiliter).

555 1101 692 1161 librariae
713 1121 742 1177 p.
758 1100 818 1160 426
842 1122 871 1161 ιι.
887 1103 1004 1162 9-11.

553 1213 662 1262 strator
682 1222 711 1280 p.
728 1202 832 1264 4074.
849 1202 897 1264 23.
914 1203 963 1263 26.

553 1305 746 1384 derrefieiariue
768 1325 798 1382 p.
814 1306 874 1366 386
896 1307 1005 1366 4170.
1024 1307 1092 1366 171.
1111 1307 1178 1367 190.
1198 1305 1265 1367 196.

442 1403 547 1484 Longe
575 1408 673 1468 rarius
702 1409 866 1485 legatorum
895 1409 1023 1487 legionis
1054 1409 1260 1469 beneficiarios
1288 1409 1413 1488 reperiri
1442 1426 1531 1486 quum
1559 1409 1726 1486 legaturum

442 1510 612 1586 provinciae
633 1510 703 1570 inde
724 1511 912 1588 potissimum
935 1511 1143 1587 explicandum
1166 1525 1225 1586 eat,
1251 1512 1331 1590 qnod
1356 1511 1503 1571 eiusmodi
1524 1510 1727 1570 additamenta

442 1611 565 1670 bonoria
587 1629 680 1672 eausa
700 1613 910 1672 adscribuntur
931 1614 1032 1691 itaqua
1053 1615 1095 1673 ibi
1119 1615 1169 1673 ubi
1191 1615 1326 1674 minuunt
1344 1615 1518 1692 plerumque
1540 1614 1725 1672 omittuntur.

441 1712 510 1774 Hoc
531 1722 629 1773 autem
651 1733 710 1773 non
733 1733 805 1775 casu
826 1715 1006 1788 factumest,
1028 1716 1109 1794 qnod
1130 1717 1308 1796 singularem
1329 1717 1421 1794 legati
1436 1716 1591 1792 legionarii
1608 1715 1724 1774 nullum

440 1816 593 1891 habemus,
616 1835 682 1876 cum
703 1819 878 1898 praesertim
899 1819 1067 1896 singulares
1089 1818 1168 1878 nude
1190 1819 1262 1878 dicti
1280 1819 1367 1897 pauci
1389 1819 1547 1878 admodum
1569 1819 1725 1878 14444144-
1807 1903 1808 1906 ¹

441 1927 497 1978 tur.
533 1918 630 1978 Immo
657 1939 723 1979 cum
751 1921 918 2000 singulares
945 1922 1127 1982 exercituum
1149 1921 1374 1999 provincialium
1396 1921 1620 1998 quodammodo
1642 1941 1723 1999 prae
1807 1917 1808 1944 l

439 2021 621 2081 turianorum
643 2023 741 2082 locum
764 2031 885 2083 teneant
907 2023 948 2100 (v.
964 2041 1041 2100 quae
1063 2025 1203 2084 adnotavi
1224 2043 1255 2102 p.
1268 2023 1352 2101 404),
1374 2024 1518 2082 4444414
1541 2032 1649 2100 aperto
1670 2031 1724 2093 eat,

438 2141 492 2182 eur
513 2125 637 2184 summis
659 2125 783 2185 ducibus
804 2135 1037 2188 reservarentur.

461 2226 489 2284 3.
522 2225 683 2303 Praefectis
694 2239 853 2289 eaetroram
865 2229 928 2288 sire
941 2229 1057 2306 legionis
1070 2230 1122 2307 (ef.
1132 2229 1300 2290 Wilmanns
1312 2229 1400 2290 huius
1412 2229 1488 2307 Eph.
1501 2228 1584 2288 roll
1595 2249 1628 2307 p.
1641 2227 1722 2304 100)
1807 2239 1808 2252 ³

551 2331 756 2389 cornicularius
777 2349 807 2407 p.
822 2319 885 2391 Ι414
906 2351 936 2391 4.
953 2331 1093 2391 42-45.

550 2450 569 2490 4
591 2437 796 2492 caementariis
818 2453 847 2511 p.
863 2431 923 2493 425
946 2453 974 2496 ιι.
990 2435 1038 2493 14.

549 2533 686 2594 librariae
707 2553 736 2612 p.
753 2533 812 2596 426
835 2556 863 2597 4.
879 2538 925 2595 14.

549 2637 745 2714 beneficiarius
766 2659 796 2716 p.
813 2637 872 2699 393
895 2659 923 2698 4.
941 2636 1123 2699 290-295.

437 2738 612 2799 Praefectus
632 2739 762 2816 legionis
784 2761 802 2800 4
822 2740 921 2818 legato
942 2741 1069 2820 legionis
1094 2741 1138 2800 114
1164 2740 1274 2814 differt,
1303 2749 1336 2800 ut
1361 2742 1478 2818 legatus
1505 2739 1680 2815 provinciae
1701 2760 1720 2796 4

436 2848 630 2918 procuratore
650 2842 803 2919 praeside3
832 2843 928 2902 honor
948 2844 1046 2903 minor
1066 2850 1122 2917 est,
1144 2844 1191 2904 ris
1213 2843 1331 2920 imperii
1353 2844 1466 2902 eadem.

458 2944 487 3002 4.
523 2944 655 3003 11154414
667 2945 807 3022 legionum
821 2947 952 3006 fortasse
967 2946 1042 3006 solie
1054 2946 1210 3007 laticlauiie
1226 2946 1310 3023 (ride
1323 2964 1399 3022 qnae
1414 2945 1552 3004 adnotavi
1567 2964 1597 3022 p.
1608 2944 1699 3020 390:

548 3047 756 3106 cornicularius
778 3068 807 3126 p.
823 3048 883 3107 415
905 3069 933 3108 n.
950 3048 1091 3109 46-52.
1492 3062 1493 3065 ’

548 3153 802 3210 commentariensis
824 3171 852 3228 p.
870 3149 931 3210 424
952 3170 980 3209 4.
997 3151 1026 3209 6.

548 3251 739 3330 beneficiarius
761 3272 790 3330 p.
806 3252 867 3312 394
889 3273 917 3312 4.
934 3251 1117 3315 302-326.

443 3338 486 3413 ’5.
520 3353 652 3414 Tabaniu
674 3362 704 3414 et
719 3357 877 3432 praesentia
887 3356 917 3432 ¹)
938 3357 1093 3417 cohortium
1113 3351 1355 3431 auailiariumi).·

546 3456 738 3532 beneficiariam
758 3476 787 3534 p.
804 3457 863 3518 394
886 3477 914 3518 4.
932 3459 1001 3518 300.
1018 3458 1087 3519 301.
1109 3479 1139 3536 p.
1155 3459 1214 3518 398
1236 3478 1266 3518 ιι.
1284 3458 1461 3519 381-383.

457 3558 484 3616 6.
518 3557 757 3619 Procuratoribue
778 3560 903 3637 Aupuati
919 3565 1135 3638 prouinciarum
1155 3579 1215 3620 non
1237 3560 1440 3638 praesidibus:

547 3661 757 3723 cornicularius
778 3682 807 3740 p.
824 3663 884 3723 413
907 3682 935 3722 ιι.
951 3665 996 3723 18.
1014 3663 1059 3722 19.
1077 3663 1125 3724 21.
1143 3662 1191 3722 22.

546 3763 739 3839 beneficiariam
762 3784 791 3841 p.
808 3764 868 3824 388
890 3785 919 3824 u.
937 3764 1006 3824 217.
1022 3765 1092 3826 218.
1110 3764 1289 3825 220-233.
1307 3765 1377 3826 235.
1393 3764 1463 3826 238.
1481 3767 1549 3826 240.
1567 3766 1638 3826 241.

434 3863 551 3923 Plinius
583 3884 701 3942 quoque
732 3868 762 3926 in
797 3867 927 3943 epistula
958 3869 996 3927 ad
1026 3869 1188 3928 Traianum
1215 3868 1255 3926 27
1282 3868 1469 3946 procuratori
1500 3868 1583 3927 solos
1613 3870 1715 3928 decem

434 3966 638 4026 beneficiarius
664 3968 750 4028 datos
775 3987 841 4028 esse
867 3970 1028 4046 significat,
1054 3990 1109 4032 nec
1135 3971 1257 4029 dubium
1283 3980 1331 4030 est
1355 3981 1473 4048 praeter
1494 3972 1549 4030 hos
1571 3979 1600 4030 et
1621 3971 1718 4030 corni·

434 4068 578 4128 eularium
601 4071 700 4130 nullos
721 4071 830 4131 milites
851 4074 1095 4149 procuratoribus
1116 4073 1268 4150 adsignari
1290 4073 1395 4132 solitos
1416 4091 1493 4133 esse.

476 4171 662 4249 Principalea
685 4171 808 4232 militiae
829 4175 962 4234 urbanae
983 4175 1096 4235 inventi
1117 4182 1187 4236 sunt
1208 4175 1343 4235 attributi
1363 4175 1425 4234 bis:

457 4275 483 4332 1.
515 4274 670 4350 Praefectis
688 4271 887 4352 444414νί43).Ι

544 4375 750 4436 comicalariue
772 4398 801 4455 p.
817 4379 877 4436 413
897 4399 926 4437 n.
946 4379 1079 4438 18-31.

544 4497 563 4536 4
584 4483 789 4538 commentariis
811 4501 839 4559 p.
856 4481 917 4541 425
940 4501 968 4540 4.
984 4483 1100 4542 9-11.

544 4599 563 4638 4
585 4583 796 4656 quaestionibus
818 4603 846 4660 p.
863 4583 921 4641 421
946 4603 974 4644 n.
992 4585 1020 4643 4.

543 4693 651 4742 strator
671 4703 700 4761 p.
716 4684 775 4743 407
799 4703 828 4742 n.
845 4683 892 4746 27.

391 4827 594 4839 -m-—u--n--n

469 4943 491 5006 ¹)
518 4945 625 4995 Alsrum
645 4947 766 5011 praefecti
787 4947 870 4998 adhuc
889 4950 988 5010 desunt,
1008 4965 1068 4999 casu
1089 4959 1158 5014 puto.

466 5035 491 5097 ²)
518 5037 688 5088 Cornicularii
706 5041 741 5098 (v.
757 5057 783 5105 p.
794 5041 847 5090 414
866 5057 892 5091 n.
906 5041 952 5103 45)
972 5041 1011 5091 hie
1031 5057 1082 5092 non
1102 5047 1170 5092 recte
1188 5043 1265 5093 tribui
1286 5044 1411 5106 ridentur,
1431 5047 1514 5096 multo
1531 5048 1715 5112 4144441434-

389 5126 456 5178 lares
477 5127 511 5189 (v.
524 5145 548 5192 p.
563 5129 616 5179 403
635 5146 661 5179 ιι.
677 5131 730 5193 27).

466 5219 491 5281 ³)
517 5221 687 5285 Exceptorem
706 5239 731 5288 p.
744 5225 798 5274 432
813 5227 863 5274 n.l
884 5241 937 5275 nou
957 5227 1055 5291 recepi,
1077 5243 1133 5278 cum
1153 5243 1205 5280 non
1223 5229 1257 5278 sit
1275 5228 1350 5278 huius
1369 5232 1474 5294 4414114,
1495 5233 1541 5284 aed
1559 5248 1715 5299 componen-

391 5311 438 5362 dus
457 5327 514 5362 eum
533 5313 686 5365 officialibus
706 5315 809 5368 Codicis
829 5316 1004 5370 Theodosiaui
1026 5327 1050 5370 et
1069 5320 1183 5372 Notitiae
1203 5321 1372 5386 Dignitatem.
