3618 5968
316 695 390 766 230
888 713 1072 766 nouusnu

313 888 450 965 prior¹);
484 887 533 946 ubi
564 906 619 964 pro
645 907 680 945 eu
706 889 788 964 quod
813 894 860 946 est
887 891 998 964 prioris
1026 890 1169 948 centuriae
1197 889 1390 947 substitutum
1416 897 1464 946 est
1490 886 1648 946 brevitatis

320 1009 414 1050 causa
436 989 609 1048 vocabulum
628 993 721 1066 prior.
768 986 828 1049 Sed
850 990 968 1049 duobus
995 990 1042 1048 his
1068 991 1164 1050 titulis
1191 991 1326 1067 exceptis
1349 989 1537 1050 centuriones
1559 1009 1649 1066 quar-

319 1101 368 1152 tus
397 1101 426 1151 et
453 1091 635 1170 posteriores
658 1110 777 1169 semper
802 1092 846 1150 its
867 1093 1110 1164 determinantur,
1132 1103 1165 1152 ut
1185 1093 1313 1170 primunr
1337 1092 1443 1151 cohors
1466 1091 1648 1164 enuntietur,

320 1203 390 1254 tunc
411 1204 539 1272 ponatur
560 1213 598 1252 ex
621 1211 676 1254 sex
698 1193 841 1272 madibus
868 1213 960 1265 unus3
987 1203 1020 1254 ut
1042 1193 1195 1271 (centurio)
1218 1194 1352 1272 te9(ioue)
1374 1194 1431 1252 ΙΙΙ
1451 1193 1649 1272 Cyr(enuieu)‚

320 1297 459 1373 eot(orte)
484 1297 517 1370 V,
543 1296 708 1373 pr(incepe)
727 1295 901 1373 pue(terior)
928 1307 974 1355 est
999 1297 1029 1356 in
1057 1298 1144 1356 titulo
1167 1294 1292 1374 Syriaco
1320 1297 1413 1373 (intre
1435 1317 1464 1354 n.
1480 1296 1545 1374 52),
1564 1301 1649 1371 prin-

322 1417 386 1476 cepe
404 1403 548 1476 posterior
570 1398 709 1475 cut(orte)
731 1398 753 1456 Ι
769 1399 800 1457 in
823 1397 993 1458 Dalmatico
1017 1398 1109 1474 (infra
1130 1419 1159 1458 n.
1176 1400 1241 1476 36),
1269 1399 1421 1476 (centur-io)
1444 1403 1474 1457 in
1495 1397 1648 1474 (emunda)

317 1501 481 1578 pr(ircepe)
508 1500 675 1578 posterior)
697 1501 727 1558 in
750 1501 863 1559 urbano
886 1500 979 1576 (iufra
1000 1522 1028 1560 n.
1045 1501 1117 1577 47),
1143 1521 1219 1560 nonu
1237 1502 1403 1578 pri(ncepc)
1422 1499 1594 1577 posteri(or)
1615 1501 1648 1558 in

321 1603 446 1680 Syriaco
468 1602 560 1678 (infra
580 1621 609 1660 n.
626 1603 680 1680 59)
709 1610 739 1661 et
761 1603 805 1660 sic
826 1603 975 1682 deinceps,
1002 1613 1035 1662 ut
1056 1605 1131 1663 satis
1153 1612 1279 1674 constet,
1307 1604 1357 1661 ubi
1380 1603 1491 1662 omisso
1513 1603 1648 1661 cohortis

321 1705 469 1764 vocabulo
499 1713 570 1764 nota
596 1704 757 1764 numeralis
784 1705 942 1776 invenitur,
968 1713 1002 1764 ut
1024 1705 1123 1765 VIIII
1145 1707 1218 1765 huet.
1239 1715 1329 1782 post,
1356 1725 1420 1764 eam
1450 1725 1509 1764 non
1532 1705 1651 1764 solven-

321 1807 390 1866 dam
417 1825 483 1866 csse
511 1808 549 1865 ad
575 1807 744 1882 exemplum
774 1807 853 1866 tituli
875 1807 1073 1868 Taurineusis
1101 1827 1191 1867 nonus
1213 1809 1343 1868 hastatus
1359 1811 1511 1884 posterior,
1534 1807 1587 1867 sed
1609 1809 1651 1866 ud

322 1929 508 1969 communem
531 1909 773 1968 consuetudinem
794 1928 870 1967 nonu
889 1909 1019 1969 hastatus
1040 1915 1188 1987 posterior.

406 2010 537 2072 Cohorte
572 2012 759 2088 praescripta
792 2011 967 2088 dignitatem
1007 2031 1126 2089 quoque
1166 2013 1355 2072 determinari
1394 2013 1439 2072 rel
1475 2012 1543 2070 inde
1579 2031 1650 2072 con·

324 2122 392 2188 stat,
419 2115 498 2192 quod
524 2113 621 2191 primu
647 2114 754 2172 cohors
781 2123 861 2172 certo
883 2113 952 2173 inde
973 2115 1011 2172 ab
1033 2115 1204 2187 Hadriano,
1232 2115 1425 2192 probabiliter
1446 2116 1541 2174 multo
1562 2122 1653 2174 autes

323 2217 454 2293 reliquas
477 2214 640 2286 antecellit;
663 2235 730 2274 nam
754 2225 784 2273 et
805 2215 957 2292 duplicato
980 2235 1101 2276 numero
1123 2226 1170 2276 est
1191 2227 1221 2276 et
1241 2217 1332 2276 hebet
1353 2217 1482 2293 aquilam
1506 2219 1653 2294 signaque

321 2319 449 2395 legionis
484 2329 514 2376 et
548 2318 781 2376 honoratissimo
816 2317 882 2374 loco
918 2319 1062 2376 excubias
1099 2320 1175 2398 agit;
1210 2331 1244 2378 ut
1280 2320 1369 2395 plane
1405 2319 1575 2378 incredibile
1609 2321 1654 2378 sit

324 2422 487 2481 secundum
522 2421 586 2478 eius
622 2419 822 2478 centurionem
859 2421 952 2478 totius
987 2419 1115 2498 legionis
1152 2441 1241 2480 unum
1278 2431 1307 2480 et
1338 2422 1509 2480 vicesimum
1545 2422 1652 2480 luisse.

324 2524 409 2582 Idem
449 2523 536 2581 etium
579 2522 711 2597 apertius
752 2519 820 2578 inde
857 2521 996 2594 efficitur,
1037 2523 1116 2599 quod
1150 2525 1266 2601 primus
1301 2524 1440 2599 princeps
1473 2531 1502 2581 et
1536 2525 1654 2600 primns

322 2627 460 2684 hastatus
487 2625 614 2701 primum
640 2623 734 2700 pilum
762 2623 898 2698 proxime
926 2625 1164 2701 subsequuntur,
1199 2626 1314 2684 scilicet
1339 2626 1377 2684 ad
1404 2625 1529 2701 primum
1555 2625 1652 2702 pilum

324 2727 492 2804 promoveri
520 2726 597 2784 solet
622 2743 682 2784 non
711 2725 858 2784 secundae
884 2727 1034 2785 centuriae
1062 2727 1141 2802 pilus
1168 2729 1259 2803 prior,
1286 2727 1339 2785 sed
1367 2728 1479 2802 primus
1501 2728 1653 2803 princeps,

325 2840 354 2889 et
376 2831 420 2889 sic
440 2829 589 2906 deinceps.
626 2828 690 2886 lam
708 2845 778 2885 vero
799 2828 824 2886 si
842 2827 973 2886 cohortis
987 2827 1102 2905 primae
1117 2832 1302 2888 centuriones
1316 2847 1418 2888 omnes
1438 2829 1534 2887 locum
1549 2837 1654 2888 tenue-

322 2941 394 2992 runt
420 2941 488 2991 ante
514 2930 779 2990 honoratissimum
806 2947 952 3006 quemque
978 2931 1145 2989 cohortium
1176 2931 1428 3006 subsequentium,
1458 2933 1527 2990 item
1549 2933 1580 2990 in
1602 2950 1656 2990 co·

325 3037 411 3094 horte
433 3052 468 3092 ea
490 3034 516 3091 si
538 3041 607 3108 post
627 3031 754 3110 primum
777 3031 871 3108 pilum
894 3041 1020 3091 vocetur
1041 3034 1154 3109 primus
1176 3034 1325 3110 princeps,
1348 3042 1418 3111 post
1439 3035 1516 3092 hunc
1537 3034 1654 3110 primus

326 3137 462 3195 hastatus
477 3145 507 3193 et
522 3135 565 3192 sic
578 3135 728 3211 deinceps,
750 3138 826 3190 ratio
842 3134 956 3206 suadet,
980 3143 1012 3192 ut
1034 3135 1170 3192 similiter
1192 3135 1352 3194 secundam
1375 3136 1525 3194 cohortem
1546 3137 1654 3194 tertiae

325 3238 576 3316 sequentibusque
597 3253 815 3313 praeponemus
836 3244 867 3294 st
887 3237 925 3294 ad
948 3256 1013 3294 eum
1036 3237 1130 3313 legem
1154 3237 1326 3296 universam
1342 3237 1559 3296 ordinationem
1583 3255 1655 3296 cuu-

325 3341 494 3412 stitusmus,
515 3339 545 3399 id
559 3338 638 3416 quod
658 3347 812 3413 praeterea
828 3335 941 3397 Caesar
957 3338 1151 3416 confirmst²)
1167 3349 1197 3398 et
1211 3339 1329 3418 Vegetii
1346 3341 1571 3417 qualiscumque
1586 3359 1657 3399 anc-

326 3441 482 3518 toritus³).
526 3441 665 3517 Denique
692 3439 804 3516 singuli
830 3440 907 3498 tituli
934 3441 1021 3499 huius
1049 3443 1165 3519 generis
1193 3442 1235 3501 ita
1260 3443 1423 3518 comparati
1446 3453 1524 3516 sunt,
1551 3451 1585 3501 ut
1605 3462 1656 3501 ru-

404 3655 427 3720 l)
449 3657 513 3706 Cum
541 3671 594 3705 non
624 3656 686 3704 satis
710 3662 809 3705 constet
837 3655 863 3704 in
895 3655 969 3704 titulo
995 3655 1072 3705 hodie
1094 3657 1228 3721 deperdito
1253 3665 1338 3706 utrum
1364 3668 1414 3711 ws
1434 3657 1512 3706 tuerit
1531 3672 1564 3707 sn
1585 3671 1657 3725 AVS,

326 3751 408 3816 possis
432 3749 498 3799 illud
522 3747 670 3812 praeferens
698 3747 817 3812 supplere
840 3748 951 3797 centurio
977 3745 1107 3814 [leudonis
1130 3747 1236 3798 eiusdem
1262 3746 1409 3815 [ceptt]mue,
1432 3747 1505 3815 pilus
1520 3751 1603 3816 prior,
1631 3759 1658 3800 et

329 3843 476 3905 intellegere
496 3841 670 3890 centurionem
689 3841 801 3904 primunr
821 3839 933 3890 cohortis
952 3841 1088 3902 secundae,
1114 3842 1211 3892 scilicet
1234 3847 1370 3905 antequam
1395 3841 1508 3890 sublatus
1530 3851 1569 3891 est
1588 3844 1658 3907 pilus

327 3935 456 4001 posterior
476 3933 588 3983 cohortis
606 3933 713 3997 panse.
751 3932 804 3984 Sed
823 3932 908 3982 obstat
927 3947 984 3982 cum
1004 3933 1074 3998 quod
1097 3935 1134 3983 ita
1152 3933 1266 3984 abundat
1289 3934 1316 3983 id
1336 3933 1405 3997 quod
1430 3941 1468 3982 est
1481 3933 1554 4000 pilus
1568 3937 1658 4001 prior,

329 4035 383 4076 tum
408 4025 476 4091 quod
499 4024 570 4075 nullo
595 4024 715 4089 exemplo
740 4031 808 4074 certo
833 4024 979 4074 defenditur
1002 4025 1052 4074 loci
1077 4025 1244 4075 centurioniui
1269 4025 1448 4076 determinatio
1471 4027 1526 4076 solo
1545 4041 1658 4078 numero

327 4119 403 4170 tuctu.
441 4119 531 4182 ltaque
550 4119 575 4168 iu
596 4117 677 4167 altero
696 4116 873 4181 supplemento
893 4118 1108 4182 adquiescendum
1129 4125 1173 4168 est.

406 4207 430 4272 ²)
450 4211 529 4260 Recte
553 4211 601 4258 riri
624 4209 694 4259 docti
720 4208 754 4269 (v.
772 4209 926 4274 Msrquerdt
945 4212 970 4271 2,
986 4211 1037 4260 361
1059 4210 1121 4271 not.)
1146 4209 1221 4260 huius
1241 4211 1381 4260 sententiae
1406 4211 1506 4276 patroni
1531 4227 1658 4276 provoca·

329 4309 419 4354 verunt
442 4304 476 4352 ad
495 4302 613 4352 Caesaris
637 4302 714 4352 rerba
733 4303 756 4352 h.
778 4318 798 4351 c.
821 4303 845 4362 3,
861 4303 908 4351 54:
933 4299 1077 4363 (Scaeuam)
1105 4299 1200 4352 Caesar
1224 4301 1257 4352 ub
1281 4303 1379 4353 octonis
1397 4301 1528 4352 ordirribns
1546 4301 1583 4352 uel
1596 4305 1657 4370 pri-

328 4395 439 4462 mipilnm
457 4410 483 4442 ee
503 4392 635 4444 traducere
649 4395 835 4460 pronumierit,
856 4394 882 4443 id
904 4401 941 4443 est
960 4393 992 4442 ab
1012 4403 1102 4443 uetere
1116 4393 1222 4443 cohorte
1235 4395 1269 4444 ad
1287 4395 1410 4459 primam
1430 4410 1491 4445 nam
1509 4395 1532 4444 si
1550 4403 1658 4446 octavus

329 4488 406 4551 pilus,
426 4493 530 4536 octavus
549 4487 676 4550 princeps,
698 4493 803 4536 octavus
822 4487 935 4536 hastatus
958 4487 1116 4551 dignationis
1141 4493 1192 4536 tem
1217 4487 1334 4536 diversae
1354 4487 1462 4538 luissent
1481 4502 1557 4552 quum
1577 4487 1659 4537 tuisse

330 4595 375 4629 eos
399 4579 537 4629 adversarii
563 4585 689 4640 statuunt,
712 4595 765 4629 non
785 4587 889 4629 octcros
908 4579 1012 4628 ordines
1032 4579 1128 4628 Caesar
1151 4593 1248 4644 ponere
1271 4579 1371 4640 debuit,
1400 4579 1446 4628 sed
1471 4593 1529 4628 eum
1553 4581 1580 4629 in
1605 4595 1659 4645 quo

334 4672 433 4724 Scsers
452 4677 506 4720 erat
523 4671 639 4735 gradum.
677 4672 733 4721 Hoc
757 4672 841 4736 ipsum
859 4671 1004 4722 luculenter
1022 4671 1143 4735 exposuit
1160 4671 1271 4720 Mueller
1289 4673 1306 4721 1.
1325 4685 1347 4720 c.
1366 4687 1392 4736 p.
1409 4671 1460 4721 132
1480 4679 1570 4722 contre
1587 4673 1658 4722 hn-

334 4765 404 4828 gium
425 4771 451 4812 et
468 4763 672 4828 ldarquardtinm
691 4771 764 4814 tuens
782 4764 913 4828 antiquam
934 4765 1089 4828 opinionem.

409 4853 434 4916 ⁸)
454 4855 575 4920 Vegetius
595 4857 619 4916 2,
635 4857 681 4905 st:
703 4857 777 4922 quusi
793 4857 820 4904 in
838 4853 920 4906 orbem
933 4854 1053 4921 quendum
1071 4871 1117 4922 per
1135 4853 1250 4905 diuersus
1263 4853 1376 4906 cobortes
1388 4861 1413 4904 et
1429 4853 1544 4905 deseras
1557 4853 1660 4906 sciolus

331 4949 422 4998 milites
439 4955 615 5014 promoventur
633 4947 678 5010 ita,
703 4954 773 4998 uter
786 4948 873 5016 primu
892 4945 992 4998 cohorte
1005 4946 1041 4997 ud
1058 4945 1165 5013 yrudnm
1182 4949 1319 5015 quempiam
1335 4954 1464 5014 ρνοπιοηιε
1483 4949 1590 5008 (scilicet
1601 4963 1660 5013 gre

332 5041 397 5105 gulis
416 5040 530 5090 cohortis
548 5041 646 5105 primae
664 5047 797 5104 promotus
816 5041 849 5090 sd
868 5040 1082 5102 centurionatum)
1102 5039 1182 5090 rudet
1199 5039 1235 5089 uel
1252 5039 1371 5090 &cirrum
1388 5037 1512 5090 cohortem
1529 5047 1554 5090 et
1572 5057 1662 5091 rursus

332 5131 364 5182 ub
390 5149 420 5182 en
443 5129 608 5182 crescentibus
631 5130 764 5198 rttPendiie
787 5149 841 5182 oum
863 5133 958 5182 moion
980 5131 1065 5198 produ
1088 5149 1135 5200 per
1158 5133 1227 5182 uliae
1249 5139 1366 5182 recurrat
1389 5131 1425 5182 ud
1440 5133 1559 5198 prtem
1597 5131 1661 5184 [deo

329 5225 408 5291 primi
426 5224 479 5291 pili
502 5225 612 5275 centurio
627 5231 762 5292 postquem
780 5225 807 5274 iu
825 5222 907 5274 orbem
926 5240 1007 5275 omnes
1026 5224 1140 5275 cohortes
1156 5239 1202 5292 per
1221 5223 1336 5274 diuersus
1353 5221 1570 5274 cdreinietruuen't
1588 5223 1661 5275 eebo-

333 5316 381 5378 lus,
405 5317 431 5365 in
454 5317 538 5383 primo
563 5313 663 5368 cohorte
687 5315 723 5367 ud
745 5315 810 5368 hunc
828 5317 945 5384 peruenit
964 5317 1083 5384 paleriam.
1121 5319 1199 5370 Recte
1223 5317 1291 5368 hune
1315 5317 1398 5368 locum
1418 5318 1600 5384 interpretetus
1620 5325 1661 5367 est

333 5407 442 5458 Mueller
462 5409 479 5458 l.
494 5425 515 5457 c.
535 5424 560 5472 p.
578 5409 638 5459 140.
