3684 5984
533 661 583 712 nu
601 659 810 712 uvrvnnmvs
828 659 1079 712 urcrramevs.
1395 642 1465 712 357

229 837 275 896 18.
310 835 344 894 L.
368 832 508 894 Cornelio
531 833 565 892 L.
588 834 608 892 f.
631 834 789 894 Honorato
810 835 897 895 vexil.
922 833 1111 912 (centuriae),
1138 838 1165 888 in
1189 853 1239 888 nna
1264 853 1298 888 ex
1321 837 1469 888 cohortibus

144 941 257 1005 vigilum.
287 956 313 1006 p.
327 940 357 990 C.
373 940 433 989 203.
472 938 502 988 C.
516 938 564 1000 v1,
586 940 647 988 220.

229 1032 277 1090 19.
311 1049 378 1088 vex.
402 1029 431 1087 in
453 1027 614 1103 (centuria)
638 1025 709 1088 Sex.
731 1028 828 1088 Iulius
850 1027 953 1088 Trom.
977 1025 1116 1091 Clemens
1138 1027 1358 1106 Vet(ulonio?)‚
1381 1033 1408 1082 in
1427 1047 1469 1082 co-

144 1135 218 1186 none
233 1137 256 1186 v
269 1135 383 1202 vigetum.
412 1131 559 1199 p.c.113.
598 1133 628 1184 c.
641 1135 688 1194 vv,
709 1116 785 1183 aar.

227 1224 276 1284 20.
311 1223 345 1284 Ο.
368 1223 499 1284 Manlios
516 1223 626 1283 Vitalis
649 1223 823 1282 vexillarius
847 1223 1008 1300 (centuria)
1030 1225 1144 1296 eadem,
1166 1243 1201 1278 sc.
1217 1226 1329 1278 adnuae
1342 1226 1424 1280 Firmi
1443 1227 1470 1277 in

145 1329 203 1380 coh.
221 1329 251 1380 11
269 1331 320 1395 vig.
358 1328 388 1380 0.
401 1331 449 1391 VI,
470 1327 550 1380 2965.

143 1419 251 1498 Neque
273 1420 384 1490 dubito,
407 1419 478 1496 quin
500 1420 603 1477 eodem
625 1418 799 1477 referendus
821 1422 861 1476 sit

229 1521 278 1581 21.
310 1523 349 1582 A.
373 1519 491 1582 Satrius
514 1519 642 1581 Urbicus
663 1521 840 1581 vexillarius
860 1519 1021 1598 (centuria)
1037 1521 1186 1598 Pomponi
1202 1521 1289 1581 domo
1305 1519 1469 1582 Florentia.

146 1628 237 1690 C.VI,
258 1629 319 1680 617.

143 1717 225 1777 Nam
248 1717 304 1776 etsi
327 1737 365 1776 ex
386 1719 454 1795 ipso
475 1717 561 1776 titulo
583 1717 716 1794 intellegi
739 1735 797 1776 non
819 1725 932 1793 potest,
962 1725 1060 1776 utrum
1084 1714 1201 1777 Satrius
1228 1717 1300 1794 vigil
1321 1717 1411 1776 fuerit
1432 1738 1470 1778 an

146 1821 230 1880 miles
252 1819 383 1879 cohortis
409 1820 535 1880 alieuius
560 1820 726 1897 praetoriae
751 1829 803 1878 aut
828 1820 969 1890 urbanae,
996 1829 1093 1880 tamen
1119 1819 1198 1878 infra
1222 1819 1472 1880 demonstrabitur

140 1923 175 1981 in
197 1925 245 1982 his
267 1922 442 1982 vexillarios
464 1923 661 1981 centuriarum
689 1941 747 1982 non
769 1909 877 1980 fuisse.
921 1921 1009 1982 Unde
1030 1923 1187 2000 apparebit
1211 1941 1315 1998 parum
1337 1931 1418 1982 recte
1440 1923 1471 1982 in

145 2024 180 2086 C.
196 2027 214 2084 i.
231 2025 266 2084 L.
291 2033 462 2084 annotatum
485 2042 566 2084 esse:
589 2021 698 2098 ‘milcs,
722 2034 757 2084 ut
773 2025 897 2098 videtur,
919 2026 1126 2102 praetorianus
1143 2023 1189 2082 vel
1204 2025 1345 2097 urbanus,
1368 2034 1471 2102 utpote

143 2129 219 2188 sivla
235 2128 388 2186 Romanus
404 2127 574 2186 Florentiae
589 2123 694 2186 nutus‘.
725 2125 852 2186 Constat
866 2128 942 2186 enim
958 2128 1046 2187 etiam
1061 2128 1139 2187 inter
1152 2127 1259 2204 vigiles
1274 2128 1353 2186 cives
1369 2127 1470 2188 fuisse.

228 2229 342 2304 Quodsi
357 2229 437 2290 XXI
449 2230 594 2306 exemplis
610 2229 815 2289 confirmatum
832 2237 878 2288 est
892 2231 972 2306 apud
987 2230 1094 2308 vigiles
1111 2230 1237 2308 singulis
1253 2231 1395 2290 centuriis
1411 2231 1471 2290 sin·

144 2334 232 2412 gulos
255 2331 428 2392 vexillarios
452 2332 620 2408 adscriptos
643 2332 750 2404 fuisse,
777 2333 850 2390 huec
876 2332 927 2406 lex
954 2332 1074 2409 infringi
1101 2349 1160 2392 non
1183 2340 1281 2408 potest
1302 2333 1345 2392 eis
1366 2333 1471 2410 paucis

143 2435 309 2513 lapidibus,
338 2436 388 2512 qui
411 2454 464 2512 per
486 2453 518 2494 se
538 2435 644 2494 incerti
666 2443 749 2504 sunt,
777 2435 888 2512 quippe
907 2434 938 2493 in
960 2435 1068 2512 quibus
1091 2434 1239 2494 vexillarii
1263 2435 1395 2495 cohortis
1418 2435 1471 2494 ali-

143 2539 230 2597 euius
253 2538 376 2616 vigilum
398 2545 664 2596 commemorentur
685 2557 744 2596 non
766 2537 869 2596 addita
890 2538 1035 2598 centoria:

229 2639 277 2698 22.
310 2639 346 2698 1..
371 2637 498 2698 Casurio
520 2638 637 2698 Dextro
660 2639 818 2698 vexillario
841 2641 905 2698 coh.
929 2640 960 2698 II
984 2639 1042 2717 vig.
1085 2642 1132 2704 VI,
1154 2643 1233 2694 2962-

230 2743 278 2802 23.
315 2742 355 2801 M.
378 2741 529 2802 Munatius
555 2743 596 2801 M.
618 2742 638 2800 f.
661 2741 759 2802 Fabia
781 2741 931 2802 Priminus
954 2741 1119 2818 vexil(l)ar.
1143 2743 1209 2802 coh.
1231 2741 1258 2801 V
1277 2741 1361 2820 vi[g].
1385 2741 1473 2806 Seve-

145 2845 288 2921 rian(a)e,
310 2845 363 2921 qui
384 2844 488 2920 vix(it)
511 2864 578 2904 ann.
595 2843 733 2903 XXVIII
758 2845 834 2903 dieb.
854 2842 1027 2905 XXVIIII.
1069 2847 1192 2898 Puteolis.
1226 2847 1262 2909 X,
1278 2849 1347 2898 1767
1360 2867 1393 2890 =
1407 2849 1472 2899 [Β.

144 2949 178 3000 N.
197 2950 276 3000 2860.
1244 2997 1247 3002 .

230 3039 278 3098 24.
312 3038 350 3098 T.
374 3035 518 3098 Sallustio
542 3038 692 3117 Agathoni
714 3038 815 3097 vexill.
836 3039 901 3096 coh.
917 3038 946 3095 V
963 3041 1020 3118 vig.
1064 3042 1111 3104 vt,
1133 3043 1212 3092 2981.

230 3141 279 3201 25.
313 3139 350 3214 Q.
374 3141 470 3200 Iulius
494 3140 532 3215 Q.
554 3141 573 3199 f.
592 3139 720 3200 Galatas
736 3140 877 3218 Thysdro
900 3141 961 3200 mil.
985 3143 1050 3200 coh.
1067 3140 1114 3200 VI
1128 3142 1209 3219 vigit.
1233 3141 1392 3218 (centuria)
1409 3142 1471 3202 Lu·

145 3249 212 3303 cani
234 3243 392 3320 Augurini.
417 3244 503 3303 milit.
527 3262 592 3301 ann.
610 3241 698 3315 XIV,
720 3244 750 3301 in
773 3243 816 3302 als
840 3253 960 3302 secutor
982 3245 1089 3303 tribuni
1113 3264 1181 3302 ann.
1204 3245 1245 3318 II,
1268 3245 1473 3306 beneficiarius

146 3348 280 3407 eiusdem
303 3365 370 3406 ann.
387 3345 427 3418 II,
449 3346 624 3405 vexillarius
646 3366 714 3404 ann.
730 3346 790 3414 1113
814 3346 873 3402 vix.
898 3365 965 3404 anri.
982 3345 1144 3404 XXXVII.
1169 3379 1206 3390 -
1231 3350 1260 3400 C.
1275 3352 1322 3411 vt,
1343 3353 1422 3402 2987.

147 3449 288 3527 Signiferi
310 3449 428 3525 quidem
451 3449 601 3525 legionum
624 3458 653 3507 et
675 3447 785 3507 similia
806 3467 950 3526 persaepe
970 3449 1118 3524 leguntur,
1141 3449 1171 3505 in
1194 3449 1302 3525 quibus
1324 3459 1377 3509 aut
1393 3451 1472 3528 legio

146 3564 199 3610 aut
219 3553 326 3611 cohors
353 3560 405 3610 aut
430 3551 493 3624 als,
521 3550 551 3608 in
578 3569 637 3627 qua
664 3550 732 3628 quis
760 3549 909 3626 stipendia
934 3549 1050 3622 feeerit,
1076 3561 1333 3624 commemoratur,
1362 3554 1415 3612 sed
1436 3555 1475 3612 ad

146 3673 253 3714 munus
278 3654 376 3732 ipsum
403 3653 570 3713 accuratius
593 3652 791 3713 definiendum
820 3673 880 3712 non
907 3653 1042 3729 pertinet.
1087 3651 1203 3712 Tamen
1225 3663 1306 3712 certo
1329 3654 1474 3714 diudioari

145 3777 206 3816 non
233 3765 346 3834 potest,
376 3763 474 3815 utrum
502 3765 644 3832 quattuor
671 3755 818 3814 vexillarii
844 3756 931 3814 modo
957 3755 1102 3815 nominati
1128 3755 1214 3832 signa
1240 3756 1405 3815 cohortium
1436 3777 1474 3817 an

145 3859 343 3918 centuriarum
369 3859 527 3935 gesserint.
572 3857 745 3918 Cobortium
773 3860 850 3917 enim
878 3859 964 3936 signa
990 3858 1070 3936 apud
1096 3857 1201 3934 vigiles
1227 3868 1279 3917 aut
1302 3858 1386 3917 nulla
1413 3860 1474 3919 fue·

145 3971 230 4034 runt,
258 3962 337 4039 quod
364 3961 436 4020 mihi
462 3960 580 4037 quidem
608 3961 791 4036 probabilius
819 3963 946 4035 videtur,
976 3969 1027 4020 aut
1052 3980 1070 4018 a
1096 3959 1261 4019 vexillariis
1288 3962 1474 4038 gerebantur.

145 4064 295 4142 Vigilibus
319 4064 408 4122 etiam
430 4063 643 4123 adscribendus
664 4077 710 4122 est
732 4065 781 4140 qui
805 4065 951 4140 sequitur:

231 4165 279 4226 26.
313 4185 381 4226 vex.
403 4165 439 4224 L.
462 4164 605 4224 Locerius
628 4165 664 4224 L.
687 4166 707 4224 f.
732 4165 805 4224 Fab.
830 4165 1017 4226 Constitutus
1039 4164 1207 4238 Volaterra,
1240 4169 1287 4231 vt,
1309 4169 1370 4232 215,

145 4289 235 4348 quem
257 4251 593 4346 praetorianum'fnisse
615 4277 737 4344 propter
757 4269 867 4340 locum,
896 4288 954 4345 quo
980 4269 1085 4328 titulus
1111 4277 1247 4344 repertus
1274 4278 1330 4340 est,
1357 4267 1476 4329 Keller·

146 4389 275 4431 mannus
298 4372 422 4450 putavit.
467 4372 510 4429 At
531 4369 681 4429 vexillarii
703 4391 719 4428 e
741 4371 912 4430 cohortibus
939 4371 1098 4448 praetoriis
1126 4372 1240 4430 nullum
1267 4371 1349 4430 uliud
1375 4392 1475 4432 exem-

145 4471 268 4554 plum¹)
298 4481 405 4532 exstat.
449 4473 490 4530 Et
512 4473 670 4551 quominus
699 4473 776 4531 hunc
803 4474 990 4533 vexillarium
1017 4473 1125 4532 vexillo
1152 4475 1242 4532 alicui
1268 4481 1476 4534 veteranorum

146 4585 198 4638 aut
220 4575 346 4635 militum
370 4574 625 4652 praetorianorum
644 4585 695 4633 aut
708 4575 877 4634 interfuisse
892 4584 944 4634 aut
958 4576 1125 4653 praefuisse
1139 4576 1354 4650 existimemus,
1377 4579 1478 4638 obstat

145 4679 227 4758 quod
250 4677 411 4756 opponitur
433 4677 589 4736 vexillario
615 4678 696 4752 optio
723 4688 752 4736 et
777 4678 857 4754 quod
883 4679 913 4736 in
939 4679 1013 4754 ipsis
1039 4679 1145 4738 castrIs
1172 4681 1330 4755 praetoriis
1352 4681 1476 4739 vexilla·

146 4783 222 4843 tioni
249 4781 374 4838 militum
401 4781 487 4840 loeus
515 4798 581 4840 esse
608 4799 668 4838 non
694 4781 800 4857 potuit.
855 4781 994 4853 Accedit,
1024 4783 1104 4857 qnod
1130 4781 1334 4841 Mommsenus
1362 4783 1477 4842 monuit

144 4884 269 4960 vigilum
298 4883 449 4941 cohortem
477 4882 636 4942 secundam
661 4893 761 4941 cestra
781 4884 921 4942 habuisse
942 4885 974 4942 in
995 4883 1140 4960 Esquiliis
1162 4902 1222 4942 non
1244 4885 1332 4962 longe
1354 4904 1373 4942 a
1392 4904 1476 4962 prae·

145 4987 233 5048 toriis
255 4985 372 5061 (Rossi,
395 5003 461 5046 ann.
484 4986 554 5046 inat.
578 4986 658 5046 arch.
684 4985 773 5057 1858,
795 5006 823 5062 p.
838 4983 897 5045 278
913 4986 1001 5062 seq.).

248 5259 272 5328 ¹)
302 5263 371 5314 Nom
391 5265 495 5314 Tacitus
514 5263 583 5329 quod
603 5263 660 5314 hist.
675 5265 695 5324 I,
717 5265 750 5314 41
771 5265 880 5316 Atilium
897 5266 1079 5330 Vergilionem,
1100 5265 1143 5330 qui
1163 5266 1263 5330 rignum
1283 5264 1396 5315 cohortis
1415 5265 1476 5316 Gai·

148 5357 212 5406 bam
232 5356 368 5407 comitatae
389 5357 482 5419 tulerit,
502 5357 664 5408 vexillarium
683 5357 753 5420 dicit,
774 5359 858 5409 minus
877 5365 994 5410 accurato
1013 5359 1112 5410 locutus
1131 5373 1186 5409 esso
1204 5357 1332 5422 putandus
1351 5363 1396 5408 est.
