3654 5990
547 2130 1056 2246 OBSERVATIONBS
1094 2127 1573 2244 EPIGBAPHIOAB.

982 2420 1133 2430 ——-

652 2613 832 2709 XXIX.
889 2613 1090 2708 ALPBS
1119 2611 1460 2709 POBNINAB.

396 2745 539 2906 dinem
561 2843 726 2902 Poeniuam
748 2844 779 2902 in
800 2845 1021 2922 provinciarum
1044 2843 1231 2902 ordinatione
1248 2842 1377 2920 Augusti
1399 2862 1466 2901 cum
1486 2842 1597 2900 Boetia
1617 2845 1738 2902 contn-

397 2949 497 3007 butam
513 2963 580 3005 esse
595 2945 711 3005 ostendi
727 2946 785 3004 vol.
797 2946 847 3005 111
861 2966 891 3023 p.
905 2947 963 3004 707
981 2946 1034 3021 (οἱ.Ι
1046 2945 1133 3004 vobV
1145 2944 1267 3023 piot).
1301 2943 1358 3005 cui
1378 2964 1461 3004 meae
1476 2945 1737 3024 demonstrationi

400 3070 466 3109 cum
481 3069 576 3126 nuper
590 3048 804 3106 contradixerit
821 3046 859 3108 G.
876 3048 983 3124 Zippel
998 3048 1059 3124 (die
1073 3049 1210 3107 rimiecle
1224 3047 1398 3120 Herrocloft
1411 3051 1442 3104 in
1455 3047 1616 3123 Illyricum
1640 3049 1737 3106 1877.

399 3172 428 3230 p.
442 3151 527 3227 286),
545 3149 642 3226 Alpes
658 3167 708 3208 eas
722 3159 836 3225 partem
851 3151 946 3210 fuisse
961 3149 1132 3227 provinciae
1147 3149 1328 3210 Germaniae
1349 3149 1511 3224 superioria
1534 3149 1736 3222 contendens,

399 3273 457 3313 non
474 3253 528 3312 abs
540 3271 572 3310 re
587 3252 644 3310 erit
656 3260 831 3330 argumenta
843 3253 875 3311 in
890 3253 1013 3312 alteram
1029 3263 1126 3312 utrum
1142 3259 1254 3329 partem
1269 3252 1389 3329 prolata
1403 3251 1500 3308 denuo
1514 3252 1708 3327 expendere.

481 3355 530 3415 Ex
557 3354 727 3413 auctoribus
755 3355 808 3431 qui
834 3373 911 3414 unus
938 3355 1173 3414 considerandus
1202 3362 1249 3412 est
1275 3354 1466 3413 Ptolemaeus
1497 3352 1620 3429 (reliqui
1651 3357 1736 3414 enim

399 3477 475 3536 quae
497 3457 554 3516 hnc
575 3456 687 3514 faciunt
708 3475 768 3515 non
789 3457 930 3533 efferunt)
952 3457 1058 3515 vallem
1073 3456 1238 3516 Poeninum
1261 3455 1371 3534 duplici
1394 3455 1512 3515 nomine
1526 3454 1659 3514 Raetiae
1683 3458 1735 3514 ad·

398 3559 517 3618 iudicat.
551 3559 684 3618 Primum
707 3577 773 3618 cum
794 3560 826 3618 in
847 3560 957 3619 linibus
978 3559 1208 3618 determinandis
1231 3559 1437 3634 proficiscatur
1456 3577 1476 3615 a
1493 3566 1594 3616 monte
1615 3559 1735 3628 Adule,

400 3661 478 3738 apud
501 3679 588 3737 quem
611 3662 653 3720 ait
674 3661 803 3719 confinia
825 3679 892 3720 esse
914 3660 1054 3738 Belgicae
1076 3661 1120 3736 (2,
1137 3661 1165 3733 8,
1182 3659 1224 3736 6),
1250 3659 1459 3720 Narbonensis
1483 3659 1525 3734 (2,
1537 3661 1565 3732 8,
1584 3659 1613 3718 6.
1636 3679 1667 3718 c.
1688 3663 1736 3730 tu,

403 3766 448 3838 l),
474 3762 598 3822 Raetiae
620 3761 794 3840 (2,12,1),
823 3763 928 3822 Italiae
951 3761 995 3839 (3,
1014 3764 1040 3837 l,
1058 3761 1103 3839 1),
1132 3771 1234 3840 aperte
1258 3762 1407 3839 intellegit
1431 3775 1546 3822 montes
1568 3761 1608 3818 ad
1628 3761 1733 3822 lacum

398 3865 586 3924 Lemannum
593 3885 601 3937 3
632 3883 701 3924 nam
732 3883 768 3924 eo
797 3864 863 3924 eolo
890 3864 957 3924 loco
984 3865 1107 3942 Belgica
1132 3864 1259 3940 (scilicet
1285 3863 1417 3924 Helvetii
1443 3883 1462 3922 a
1487 3863 1667 3922 Ptolemaeo
1697 3867 1733 3924 ad

401 3966 552 4043 Belgicam
579 3965 680 4042 relati)
708 3976 738 4024 et
759 3965 966 4026 Narbonensis
993 3976 1023 4026 et
1044 3967 1134 4025 Italia
1161 3967 1361 4026 conterminae
1391 3977 1461 4026 sunt
1486 3974 1517 4026 et
1541 3970 1734 4026 contermina

400 4069 472 4127 item
495 4067 583 4128 vallia
605 4068 749 4142 Poenius,
771 4087 861 4145 quam
884 4069 928 4128 sic
946 4088 1016 4128 cum
1037 4068 1145 4128 Raetia
1166 4069 1313 4128 contribui
1337 4077 1469 4146 apparet.
1502 4067 1606 4128 Adula
1626 4085 1733 4129 monte

401 4171 491 4247 igitur
513 4170 648 4247 sequitur
662 4170 758 4247 Alpes
780 4171 818 4230 ad
832 4171 970 4231 dextram
984 4170 1121 4230 Rhodani
1144 4171 1308 4247 superioris
1330 4172 1368 4229 ad
1382 4170 1567 4230 Lemannum
1591 4187 1695 4249 usque
1714 4193 1732 4230 a

402 4272 576 4332 Ptolemaeo
602 4271 827 4349 comprehendi,
854 4273 933 4348 quod
960 4281 1058 4332 utrum
1084 4281 1164 4331 recte
1188 4272 1290 4332 fecerit
1316 4293 1355 4331 an
1377 4271 1515 4336 vocabuli
1541 4291 1629 4332 usum
1651 4275 1731 4333 iusto

401 4373 491 4434 latius
513 4375 690 4448 extenderit,
713 4375 750 4434 ad
775 4387 880 4434 nostra
900 4393 959 4433 non
981 4376 1117 4453 pertinet.
1154 4375 1309 4452 Zippelius
1331 4385 1409 4435 certe
1431 4395 1498 4434 cum
1520 4376 1657 4448 miratur,
1680 4378 1730 4454 qui

401 4474 511 4536 factum
539 4477 592 4549 sit,
621 4477 700 4554 quod
726 4477 919 4536 Ptolemaeus
946 4476 1098 4537 Poeninas
1123 4477 1220 4554 Alpes
1246 4479 1284 4536 ab
1309 4479 1422 4537 oriente
1445 4477 1566 4536 Adulae
1593 4477 1730 4544 collocet,

401 4598 463 4637 rem
486 4597 590 4655 parum
609 4579 768 4638 intellexit.
785 4613 823 4623 —
839 4580 935 4638 Multo
957 4581 1052 4658 magis
1074 4587 1173 4638 autem
1195 4579 1307 4638 erravit
1327 4581 1364 4638 de
1385 4579 1505 4659 oppidis
1526 4580 1609 4657 apud
1631 4580 1730 4640 Ptole·

402 4699 519 4740 meeum
541 4680 580 4738 ad
602 4680 737 4742 Raetiam
760 4681 872 4740 relatis.
918 4679 1039 4742 Scilicet
1060 4683 1249 4760 geographus
1271 4682 1395 4741 Raetiae
1417 4682 1530 4758 oppida
1551 4701 1729 4742 enumerans

402 4782 516 4858 (2,12)
544 4791 614 4860 post
635 4783 695 4843 sita
714 4801 807 4862 prope
829 4784 925 4842 lacum
948 4784 1156 4861 Brigantinum
1178 4784 1379 4861 Taxgaetium
1401 4794 1431 4841 et
1451 4784 1640 4863 Brigantium
1663 4805 1727 4844 cum

403 4885 447 4944 ita
467 4885 568 4943 finiat:
598 4881 670 4952 cerci
693 4873 724 4943 δὲ
745 4875 854 4948 ταύτας
876 4874 977 4946 Ουίκος
995 4877 1170 4969 Έβόδονρον
1191 4876 1397 4971 Δρουσόμαγος
1415 4875 1610 4970 Ἐπίδαυρον,
1638 4901 1670 4946 ut
1690 4889 1728 4945 le·

403 4987 484 5064 gitur
504 4987 535 5044 in
558 4986 708 5047 codicibus
735 4987 900 5064 plerisque,
931 4997 962 5047 at
988 4989 1150 5048 secundum
1177 4989 1321 5066 optimum
1341 4989 1521 5048 Vaticanum
1546 4990 1617 5064 191,
1644 4991 1728 5048 ouius

404 5089 547 5148 lectiones
569 5088 742 5164 liberaliter,
765 5099 797 5150 ut
811 5091 897 5166 solet,
919 5109 1034 5151 mecum
1057 5091 1285 5152 communicarit
1306 5089 1374 5151 Car.
1390 5091 1528 5164 Mueller,
1549 5092 1607 5151 ita:
1630 5079 1729 5150 Ou'rnc

402 5180 577 5275 ’lilio'doupcv
597 5181 781 5277 ’Ouridcupov
795 5183 1014 5278 Δρουσὸμαγος,
1036 5195 1115 5272 quod
1137 5194 1209 5254 olim
1231 5194 1370 5254 contendi
1391 5194 1447 5253 has
1468 5212 1535 5253 csse
1550 5193 1640 5256 vallis
1654 5193 1727 5253 Poe·

407 5291 495 5353 uinee
521 5292 655 5355 civitates
683 5295 744 5354 iam
772 5305 859 5356 extra
888 5297 1010 5356 dubium
1037 5309 1092 5357 est.
1138 5295 1217 5356 Nam
1246 5297 1327 5376 quod
1353 5297 1441 5356 tertio
1465 5296 1534 5356 loeo
1562 5298 1727 5358 nominatur
