3618 5968
471 701 769 755 ousunvuurouns
797 703 1081 754 arrouururonu.
1366 683 1438 754 235

269 878 365 929 Metuit
383 894 464 928 anuos
483 880 559 942 XXI,
580 880 606 929 id
631 882 700 945 quod
725 889 792 930 reete
814 881 931 930 convenit
955 878 1013 928 loeo
1034 885 1133 940 octavo,
1155 893 1246 943 purum
1265 879 1330 929 bene
1350 895 1440 928 conce·

270 971 338 1020 niret
356 971 414 1020 ioco
433 973 572 1022 vicensimo
592 974 713 1024 secundo.

116 1058 173 1117 IX.
218 1075 288 1117 corr.
305 1077 330 1117 11
350 1077 440 1119 eruas
462 1077 644 1121 rosrsmoa.

115 1161 155 1218 X.
200 1177 274 1220 con.
289 1179 313 1219 11
334 1179 484 1221 rurucurs
507 1179 691 1223 rosrmuon.

156 1263 206 1322 47.
253 1264 300 1322 Ti.
324 1263 468 1326 Claudius
495 1265 543 1324 Ti.
566 1267 586 1325 i.
610 1265 678 1326 Gal.
700 1267 741 1343 (i)
770 1267 879 1326 Vitulis
907 1287 943 1326 cx
971 1269 1070 1343 equite
1093 1267 1130 1326 R.
1163 1267 1296 1326 ordinem
1329 1269 1442 1343 accepit

270 1366 301 1424 iu
323 1367 380 1444 leg.
396 1367 424 1426 V
439 1367 530 1439 Mae,
554 1371 741 1429 successione
755 1379 909 1446 promotus
924 1390 962 1428 ex
986 1371 1042 1446 leg.
1059 1369 1087 1426 V
1103 1369 1179 1428 Mac.
1200 1371 1230 1427 in
1251 1369 1306 1446 leg.
1323 1370 1337 1427 Ι
1358 1369 1442 1442 Ital,

271 1470 459 1529 successione
481 1483 636 1546 promotus
665 1492 702 1531 ex
729 1473 784 1548 leg.
808 1473 824 1529 I
846 1471 914 1530 Ital.
937 1474 967 1530 iu
989 1473 1046 1549 leg.
1071 1473 1083 1530 i
1105 1473 1224 1545 Miner.,
1254 1471 1442 1532 successione

271 1581 398 1650 promet.
417 1591 456 1630 ex
477 1573 566 1652 lcg.I
588 1574 693 1632 Miner.
709 1575 739 1632 in
763 1575 819 1650 leg.
835 1575 897 1633 XX
921 1575 1003 1647 vict,
1025 1575 1095 1632 item
1112 1594 1205 1651 prom.
1228 1576 1259 1633 in
1281 1574 1339 1652 leg.
1363 1574 1442 1646 eud,

271 1677 341 1734 item
365 1677 552 1735 successione
567 1684 721 1754 promotus
738 1696 775 1734 ex
797 1677 855 1752 leg.
870 1676 935 1734 XX
954 1677 1020 1734 vict.
1043 1678 1073 1733 in
1096 1677 1152 1754 leg.
1170 1677 1217 1734 IX
1239 1676 1342 1753 Hisp.,
1365 1695 1442 1734 succ.

271 1787 397 1856 promet.
421 1798 459 1836 ex
485 1779 542 1854 leg.
564 1779 610 1855 IX
632 1779 719 1854 Hisp.
743 1781 773 1837 in
799 1780 857 1854 leg.
880 1779 939 1836 VII
962 1776 1008 1837 cl.
1032 1797 1060 1854 p.
1084 1779 1119 1850 f.‚
1149 1779 1219 1836 item
1247 1778 1390 1837 suecessit
1411 1779 1441 1834 in

272 1880 330 1956 reg.
352 1880 417 1938 ear.
440 1881 525 1939 utro.
548 1881 565 1938 7
586 1861 623 1934 in
647 1860 681 1934 ΙΙ
705 1888 761 1961 pr.
784 1870 881 1960 post.
906 1881 991 1939 annis
1013 1881 1075 1954 xi,
1097 1880 1281 1940 vincennis
1303 1880 1385 1938 xm.
1403 1911 1440 1922 -

271 1984 383 2045 Itomae,
411 1985 501 2034 uetatis
529 1987 663 2036 Traianae.
697 1987 725 2037 C.
754 1987 805 2045 VI,
828 1985 898 2036 3584
914 2005 947 2027 =
964 1985 1043 2036 Orell.
1064 1986 1143 2036 3454.
1188 1985 1279 2035 Vitsiis
1308 1985 1349 2035 hic
1378 2000 1443 2034 uuus

272 2091 304 2125 ex
324 2083 361 2126 tot
380 2093 443 2142 quos
468 2079 585 2128 norimus
609 2078 807 2138 centurionibus,
833 2079 903 2128 cuius
927 2078 958 2126 de
982 2078 1104 2142 gradibus
1128 2079 1203 2142 piane
1228 2085 1336 2138 constet,
1364 2078 1443 2127 octies

272 2171 386 2219 centurio
405 2171 487 2220 Iactus
506 2171 532 2220 in
546 2178 661 2221 extremo
675 2173 852 2221 centurionem
865 2171 959 2219 mansit
971 2185 1052 2220 annos
1066 2170 1192 2231 undecim,
1213 2170 1325 2235 reliquos
1345 2177 1441 2234 septem

274 2263 347 2311 aunis
366 2262 420 2311 iere
434 2263 555 2312 tredecim
568 2264 685 2324 absolvit,
706 2265 780 2312 citius
794 2264 870 2311 solito
883 2263 996 2324 omnino,
1016 2269 1104 2326 utpote
1118 2263 1160 2327 qui
1181 2277 1212 2312 ex
1228 2263 1311 2327 equite
1324 2262 1442 2312 Romano

272 2352 305 2402 ad
319 2355 521 2405 centurionatum
540 2357 692 2420 pervenerit.
727 2356 779 2408 Sed
798 2357 891 2419 septies
910 2362 1043 2418 provectus
1062 2355 1212 2419 structusque
1232 2354 1365 2418 stipendiis
1385 2369 1443 2402 cen·

274 2446 404 2496 turionicis
423 2448 481 2511 pius
493 2449 547 2498 XX
566 2449 636 2498 nulio
657 2449 734 2498 modo
754 2449 895 2498 substitisse
915 2454 997 2512 potest
1016 2447 1043 2497 in
1063 2449 1119 2497 loco
1139 2446 1335 2512 quadragesimo
1354 2446 1443 2506 altero,

274 2553 330 2588 cunr
350 2539 464 2590 decimus
486 2549 552 2590 recte
573 2543 596 2590 ei
616 2543 758 2590 conveniat.

158 2628 207 2686 48.
255 2628 341 2686 miles
362 2629 391 2685 in
411 2632 557 2689 centurio:
580 2629 692 2708 Ulpius
707 2629 809 2688 Victor
828 2629 995 2705 imagiuiicr
1011 2629 1052 2705 (i)
1074 2631 1131 2706 teg.
1148 2627 1209 2686 VII
1233 2634 1278 2682 ex
1297 2628 1313 2685 7
1333 2606 1368 2680 II
1387 2633 1442 2705 pl·-

274 2720 908 2808 mm—mmummcumm

117 2831 172 2890 XI.
219 2849 295 2892 corr.
310 2850 334 2892 11
355 2849 515 2892 unsrurus
538 2852 719 2894 rosrnruon.

117 2934 187 2993 XII.
234 2950 473 2996 contortius
497 2953 598 2996 rnrou.

118 3037 204 3094 XIII.
253 3053 401 3095 rmuours
425 3055 556 3097 ruerrvs
581 3040 644 3098 sive
667 3056 736 3098 cort.
752 3056 788 3097 111
811 3057 958 3097 ruinosus
981 3057 1083 3098 euros.

158 3139 209 3197 49.
256 3137 293 3196 L.
316 3139 430 3216 Papius
454 3138 524 3200 Sex.
547 3141 566 3198 f.
590 3142 657 3200 Vol.
678 3121 847 3220 princeps
865 3121 994 3194 tertius
1013 3121 1036 3193 l.
1056 3118 1224 3193 XXXIII.
1244 3165 1294 3174 -
1314 3141 1348 3197 Iu
1372 3159 1449 3216 agro

275 3241 398 3300 Boviani
431 3243 550 3302 veteris.
588 3241 778 3315 O.1,1278.
822 3244 956 3304 Titulum
988 3245 1130 3320 scriptum
1163 3261 1229 3300 esse
1262 3243 1338 3302 iuter
1366 3243 1446 3300 bellu

273 3344 374 3402 civilia
402 3345 447 3403 vei
475 3353 545 3421 post
572 3347 707 3404 confecta
735 3366 771 3404 ea
799 3348 854 3405 sub
882 3347 999 3404 initium
1027 3345 1142 3422 imperii
1170 3346 1300 3422 Augusti
1329 3353 1445 3422 praeter

275 3447 335 3503 ulia
356 3447 482 3525 legIonis
506 3467 644 3506 uumerus
665 3450 804 3507 ostendit.
848 3447 978 3507 Nomina
999 3467 1118 3506 versum
1141 3447 1267 3522 primurn
1289 3455 1445 3523 occupant,

275 3548 384 3625 gradus
407 3550 579 3618 seeundum,
601 3551 680 3626 legio
702 3569 778 3625 quae
801 3551 889 3609 semei
913 3557 1027 3608 tantum
1049 3550 1169 3626 ponitur
1191 3549 1318 3607 tertium.
1355 3548 1446 3606 iuxta

275 3651 352 3709 huno
368 3651 496 3722 titulum,
518 3653 569 3727 qui
586 3653 701 3729 integer
716 3663 861 3730 superest,
884 3654 1000 3728 positus
1015 3651 1115 3710 fratris
1131 3653 1253 3710 mutilus
1271 3665 1443 3708 cramus·

276 3768 861 3814 sex-a·ruruvs...rruvs·c·xxxru
895 3755 1001 3814 similis
1034 3756 1102 3827 fuit,
1136 3755 1188 3812 sed
1220 3763 1302 3811 certe
1332 3752 1446 3810 ratione

276 3855 390 3930 expleri
413 3875 471 3913 non
494 3865 602 3931 potest.

119 3955 203 4014 XIV.
251 3973 322 4014 con.
339 3974 375 4014 111
396 3973 557 4015 nusrtrvs
579 3975 681 4018 auron.

120 4059 186 4118 XV.
233 4073 305 4118 con.
320 4077 356 4118 111
377 4077 469 4118 rinus
492 4077 677 4120 rosruurorr.

119 4160 207 4219 XVI.
254 4177 548 4220 centumuirorum
572 4180 754 4222 rosrsaroa.

121 4262 223 4320 XVII.
270 4279 579 4324 comminisceris
602 4283 785 4326 rosremou.

162 4364 213 4423 50.
257 4362 327 4424 Sex.
349 4364 487 4425 Piionius
507 4364 579 4426 Sex.
605 4369 625 4424 f.
648 4365 708 4428 Stc.
731 4369 883 4427 Modestus
904 4369 1110 4428 Beneventoi
1138 4370 1194 4446 leg.
1215 4369 1273 4427 1111
1295 4371 1330 4428 F.
1351 4371 1371 4428 f.
1394 4350 1445 4424 III

274 4446 368 4521 habt.
388 4459 503 4547 posi„
522 4490 589 4528 eno.
618 4470 786 4542 XXXVII,
824 4471 928 4528 ordine
959 4473 1072 4546 occepit
1103 4493 1141 4530 ex
1171 4473 1269 4547 equite
1300 4472 1446 4546 Romano,

275 4569 414 4629 militavit
433 4572 464 4629 in
486 4573 543 4648 leg.
567 4571 626 4629 VII
651 4570 685 4631 C.
708 4591 736 4648 p.
760 4574 779 4632 f.
803 4581 833 4633 et
853 4573 932 4631 VIII
954 4575 1049 4650 Aug„
1070 4573 1113 4630 XI
1137 4571 1171 4632 C.
1194 4592 1223 4648 p.
1245 4573 1281 4646 f.,
1304 4575 1318 4632 Ι
1340 4575 1445 4632 Miner.

275 4693 305 4749 p.
328 4672 347 4730 s.
371 4674 515 4750 stipendis
539 4675 747 4732 centurionicis
770 4673 907 4732 XVIIII.
929 4708 966 4717 -
986 4677 1214 4740 Sarmizegetusae.
1249 4677 1278 4727 Ο.
1303 4677 1354 4738 ΙΠ,
1376 4681 1446 4728 1480

277 4777 400 4827 =Oreii.
415 4779 494 4828 3455.
533 4779 666 4828 Modestus
689 4793 782 4843 equum
808 4778 937 4842 pubiicum
957 4795 1031 4842 quem
1051 4795 1114 4844 puer
1134 4787 1267 4843 acceperat
1285 4795 1342 4829 cum
1362 4779 1446 4829 reddi-

275 4868 396 4931 disset¹),
417 4877 474 4934 post
493 4871 682 4920 centurionatus
696 4871 828 4920 minimum
849 4878 968 4935 quattuor
986 4871 1164 4936 stipendiaque
1182 4871 1342 4936 undeviginti
1361 4879 1447 4922 centu·

201 5115 224 5179 ¹)
243 5121 275 5168 In
298 5120 388 5169 ordine
411 5136 507 5170 merere
532 5131 557 5170 et
582 5122 614 5170 sd
639 5120 755 5170 ordinem
778 5123 925 5186 promoueri
949 5138 1006 5170 curn
1035 5138 1087 5171 nou
1110 5123 1197 5171 liceret
1226 5137 1308 5186 neque
1336 5122 1448 5171 seruatori

126 5223 205 5273 neque
235 5212 314 5275 equiti
341 5211 473 5272 Romano,
502 5229 552 5263 non
583 5215 619 5262 ita
650 5228 708 5262 raro
742 5215 785 5278 qui
817 5215 1019 5263 centurionatum
1052 5221 1173 5278 cuperent
1197 5229 1289 5278 equum
1317 5213 1447 5278 publicum

127 5301 303 5365 reddiderunt,
329 5305 375 5353 sed
398 5305 566 5354 reddiderunt
589 5305 642 5354 fere
667 5307 739 5370 pueri
763 5307 838 5355 uuiiis
863 5307 994 5355 etiamtum
1014 5305 1154 5356 honoribus
1180 5307 1339 5370 equestribus
1357 5305 1446 5355 iuncti.

129 5391 223 5444 Unicus
241 5396 308 5459 quod
334 5397 413 5446 sciam
437 5398 480 5462 qui
505 5399 681 5462 exceptionem
704 5399 782 5448 faciet
806 5405 844 5448 est
868 5399 899 5448 Τ.
920 5398 1028 5449 Pontius
1048 5397 1159 5450 Sabinus
1185 5399 1250 5447 tituli
1276 5397 1448 5448 Ferentinatis
