3640 5976
451 648 752 703 oasnevsurortns
770 646 1051 701 nsrensrsrosn.
1338 629 1409 701 539

173 824 291 904 Lingua
311 825 516 901 formulasque
537 824 682 901 qusedsm
704 823 814 882 hebent
835 841 917 894 rnre,
940 822 1083 898 quaedam
1107 821 1194 881 etism
1217 820 1301 881 mira.
1331 821 1413 880 Mili·

93 933 142 988 ties
168 945 292 1000 novum,
319 927 372 986 sed
399 946 458 986 non
480 927 577 1004 magis
604 926 760 986 molestum
787 932 847 996 est,
873 943 963 1000 qnsm
989 927 1128 984 amicitias
1149 931 1179 982 st
1198 925 1312 982 nostes
1332 923 1413 1000 spud

91 1028 276 1102 Lucretium,
308 1033 446 1090 suarides
478 1028 629 1088 titulorum
658 1028 799 1106 supparis
824 1027 931 1087 aetatis
956 1026 1052 1086 vell
1078 1025 1328 1086 n.1011.1459.
1371 1027 1414 1084 At

90 1133 277 1192 vehementer
291 1130 414 1192 offendit
428 1130 508 1208 quod
521 1132 652 1190 honores
674 1147 833 1190 recensens
856 1131 882 1189 is
905 1129 989 1189 onius
1012 1137 1233 1189 monumentum
1255 1134 1302 1186 est
1316 1127 1413 1204 prims

91 1252 217 1311 persons
237 1235 281 1294 its
300 1233 402 1306 utitur,
424 1242 457 1293 ut
478 1234 610 1293 narratio
632 1231 808 1310 implicetur,
830 1232 927 1290 oratio
941 1250 1000 1290 non
1016 1232 1178 1302 efficiatum
1200 1230 1285 1290 cuins
1298 1229 1413 1290 formae

91 1337 233 1396 sermonis
265 1337 391 1396 alterum
419 1337 587 1412 exemplum
616 1353 675 1394 non
704 1335 801 1394 habeo
829 1335 910 1410 quod
935 1352 1060 1413 ponem,
1093 1352 1146 1392 nec
1172 1333 1346 1392 crediderim
1371 1333 1413 1392 its

89 1457 264 1516 quemquem
293 1439 460 1498 locuturum
490 1438 585 1498 fuisse
611 1437 669 1496 nisi
695 1436 883 1515 peregrinum
909 1434 1009 1495 Lstini
1042 1435 1189 1496 sermonis
1220 1453 1278 1494 usn
1308 1455 1412 1512 perum

90 1541 242 1600 imbutum.
287 1539 370 1600 Ordo
397 1559 532 1618 quoque,
560 1559 620 1616 quo
647 1541 779 1598 honores
805 1547 1029 1610 enumerentur,
1057 1538 1210 1598 titulorum
1236 1536 1411 1598 Latinorum

88 1644 242 1722 Augustae
271 1644 378 1704 uetstis
405 1643 557 1702 severitati
583 1660 769 1718 nequaquam
796 1639 966 1718 respondet.
1009 1641 1053 1700 At
1077 1653 1111 1700 ut
1135 1641 1209 1699 haec
1234 1639 1411 1712 lavissent,

89 1747 129 1805 its
149 1765 225 1823 quse
247 1747 277 1806 in
299 1746 357 1806 fine
379 1745 488 1824 legitur
510 1745 637 1804 formale
658 1743 736 1821 lt(oe)
758 1741 988 1820 monumentum)
1010 1742 1136 1820 amplios
1151 1742 1304 1819 Mersdem)
1326 1741 1411 1819 n(oe)

88 1847 245 1925 s(equetur)
276 1856 330 1907 snt
358 1848 490 1908 caecutio
521 1865 577 1924 ego
608 1857 660 1906 aut
685 1845 844 1904 caecutivit
868 1846 921 1922 qui
947 1845 1079 1906 dictavit.
1136 1845 1221 1904 Huec
1247 1845 1325 1904 enim
1350 1845 1411 1904 for-

88 1951 167 2010 mula
188 1970 255 2010 enm
278 1969 343 2010 eam
367 1951 426 2010 vim
447 1950 565 2023 hubest,
592 1957 625 2008 ut
649 1947 800 2008 successio
821 1948 852 2006 in
874 1958 1096 2009 monumentum
1118 1966 1138 2007 a
1158 1948 1348 2008 successione
1367 1948 1411 2006 rei

87 2050 243 2112 familiaris
270 2063 442 2112 secernatur
466 2052 685 2129 heredibusque
711 2049 895 2110 substantiae
921 2051 1026 2128 procul
1051 2050 1162 2111 hsbitis
1188 2057 1410 2111 monumentum

87 2153 216 2214 familiae
238 2155 389 2215 nominive
410 2154 543 2214 defuncti
565 2160 741 2225 reservetur,
768 2152 800 2210 id
821 2151 903 2230 qnod
924 2154 1063 2212 inseritur
1084 2154 1208 2231 amplius
1229 2171 1290 2212 non
1312 2153 1410 2212 solnm

87 2266 248 2332 praeterea,
271 2257 302 2314 ni
323 2257 423 2328 fallor,
445 2257 509 2316 sine
530 2256 669 2332 exemplo
691 2264 747 2326 est,
775 2253 828 2312 sed
850 2254 939 2314 etism
961 2265 1066 2314 contre
1086 2256 1231 2314 rstionem
1254 2255 1410 2326 setectum,

87 2377 152 2417 nam
178 2359 257 2435 qnod
280 2360 400 2437 proprie
427 2359 578 2438 significet
601 2357 761 2417 heredibus
786 2356 817 2415 in
842 2357 1034 2434 praeteritum
1057 2357 1104 2416 ius
1130 2358 1161 2416 in
1187 2367 1410 2417 monumentum

86 2459 188 2534 fnisse,
203 2461 264 2520 iam
280 2480 350 2520 vero
365 2460 408 2520 eis
423 2461 524 2534 adimi,
547 2461 589 2518 its
609 2461 741 2536 ineptum
763 2470 811 2518 est
829 2470 861 2518 ut
876 2459 951 2518 nihil
966 2477 1067 2538 sopra.
1102 2457 1189 2534 Quod
1204 2461 1231 2519 si
1245 2460 1302 2519 hoc
1315 2460 1412 2520 voluit

86 2561 163 2621 tituli
180 2564 310 2639 scriptor
331 2572 563 2636 monumentum,
585 2581 624 2622 ex
640 2580 700 2638 quo
717 2561 840 2621 condite
853 2562 894 2620 ibi
910 2561 970 2621 sint
983 2579 1109 2639 corpora
1123 2562 1192 2634 duo,
1214 2563 1273 2622 ism
1296 2561 1410 2622 adrem

85 2665 147 2724 eius
168 2666 220 2744 qni
242 2665 314 2725 fecit
334 2666 481 2744 pertinere
502 2664 636 2725 desinere
659 2674 688 2724 et
709 2663 830 2724 diverse
852 2663 916 2740 lege
938 2664 1068 2741 posteris
1090 2665 1121 2723 in
1142 2663 1174 2722 id
1189 2664 1237 2722 ius
1260 2682 1338 2738 esse,
1360 2682 1410 2724 ss·

85 2786 151 2825 nam
172 2769 383 2846 cogitationem
405 2767 586 2826 enuntiando
608 2769 651 2827 ita
672 2767 827 2842 pervertit,
854 2776 888 2824 ut
908 2766 1019 2826 dictum
1041 2766 1290 2826 Trimalchionem
1311 2766 1411 2843 sapiet

87 2870 131 2927 vel
152 2879 185 2928 ut
205 2870 308 2930 mitius
335 2871 431 2929 dicam
457 2870 660 2947 peregrinum
692 2888 761 2927 nem
789 2868 887 2928 aliens
906 2868 1010 2947 lingua
1034 2869 1190 2945 loquentes
1213 2867 1410 2928 Trimalchio·

85 2971 210 3032 nismum
237 2973 290 3034 vix
322 2973 476 3049 effugiunt
521 2970 631 3032 Potest
662 2971 732 3030 item
760 2971 812 3046 qni
840 2971 962 3048 scripsit
990 2971 1100 3030 abusus
1126 2989 1194 3030 esse
1222 2970 1351 3030 formula
1378 2990 1409 3029 eo

85 3075 218 3150 amplios,
243 3093 304 3152 qus
323 3076 355 3134 iu
377 3075 563 3134 testamentis
586 3073 686 3150 capita
707 3073 845 3150 coniungi
867 3073 1018 3145 solsbsnt3
1044 3081 1123 3132 certe
1144 3082 1224 3132 recte
1245 3073 1335 3133 seribi
1357 3092 1409 3150 po-

84 3177 138 3234 tuit
156 3188 184 3236 ct
205 3195 237 3237 so
259 3179 383 3254 amplius
406 3186 534 3236 meatum
554 3175 628 3247 uolo,
653 3175 705 3235 boe
725 3185 930 3234 monumentum
952 3177 1077 3235 lesden
1098 3195 1133 3234 ue
1154 3185 1297 3252 sequutus.
1334 3174 1411 3236 Utut

85 3278 119 3336 de
145 3278 202 3338 bsc
231 3279 361 3342 formula
388 3278 582 3352 indicabitur,
611 3295 659 3336 res
684 3296 761 3354 quse
789 3278 819 3336 in
846 3278 933 3338 titulo
957 3279 1112 3340 traduntur
1139 3277 1220 3338 nulls
1247 3277 1316 3338 inde
1342 3278 1409 3338 labe

85 3380 262 3441 afficiuntur.

163 3485 193 3542 A
215 3485 405 3568 praefectura
431 3484 549 3543 fabrum
576 3491 609 3542 ut
635 3482 826 3558 incipiemus,
853 3501 942 3559 quam
972 3492 1036 3542 αιιιι
1061 3483 1187 3542 militiem
1212 3482 1355 3544 babuisse
1375 3501 1408 3542 se

85 3581 238 3646 Secundus
262 3588 374 3661 scribit,
397 3587 427 3648 id
450 3585 531 3664 quod
552 3585 635 3645 addit
656 3586 836 3662 praefectum
860 3603 892 3644 se
914 3605 933 3644 a
955 3587 1063 3646 duobus
1084 3587 1245 3646 consulibus
1267 3586 1309 3645 ad
1321 3604 1406 3643 oero-

83 3691 156 3748 rium
170 3691 296 3750 delam
311 3709 371 3750 esse
391 3689 434 3746 its
455 3688 527 3748 alibi
548 3688 635 3760 redit,
657 3698 690 3747 nt
710 3689 767 3747 boo
786 3687 851 3747 solo
867 3689 955 3748 titulo
976 3689 1066 3765 plens
1087 3698 1117 3746 et
1137 3688 1293 3748 sollemnis
1315 3687 1408 3746 officii

83 3790 290 3852 determinatio
309 3791 475 3869 reperietur
493 3792 523 3850 in
543 3790 668 3866 reliquis
683 3791 920 3866 breviloquentia
937 3790 1093 3850 commode
1107 3791 1202 3866 magis
1217 3807 1306 3867 quam
1327 3790 1408 3848 iusta

83 3893 248 3954 obscurata.
285 3893 364 3954 Nam
387 3912 454 3953 cum
476 3912 515 3952 ex
536 3893 707 3952 sectoribus
731 3900 833 3952 notum
858 3893 898 3951 ait
922 3893 1103 3970 praefectum
1128 3892 1246 3952 fabrum
1268 3892 1311 3951 its
1330 3892 1406 3964 fieri,

83 4003 115 4052 ut
131 3995 314 4058 destinatum
333 3995 439 4056 consul
459 4004 615 4072 praetorve
629 4013 665 4052 eo
680 3994 798 4054 nomine
814 3994 851 4053 ad
867 3997 1014 4056 aerarium
1032 3992 1194 4071 deferat1),
1216 3994 1296 4053 tituli
1311 3994 1408 4054 adhuc

82 4098 143 4156 noti
164 4099 208 4158 its
228 4098 259 4157 id
280 4098 418 4172 efferunt,
441 4107 473 4156 ut
493 4097 535 4156 sit
552 4098 716 4174 praefectus
731 4098 851 4174 fabrum
871 4115 891 4154 a
906 4096 1076 4175 co(n)s(uls)
1100 4098 1228 4158 adlectus
1246 4097 1294 4156 vel
1309 4099 1405 4174 praes.

74 4199 154 4273 fodr.
171 4203 291 4260 donam
312 4220 333 4259 s
354 4199 525 4278 co(a)s(uls)
548 4199 608 4272 vel,
630 4200 734 4276 idque,
757 4200 886 4275 saepius,
905 4202 1000 4277 praes.
1013 4199 1096 4276 fabr.
1113 4198 1295 4276 eo(u)s(ulis)
1320 4199 1344 4275 ).
1378 4202 1406 4258 A

81 4300 196 4360 duobus
219 4303 390 4363 consulibus
411 4300 490 4378 quod
514 4299 668 4362 Secundus
690 4301 733 4359 sie
754 4300 868 4360 deletus
890 4309 950 4374 est,
973 4320 1033 4360 non
1055 4301 1204 4377 significat
1225 4301 1404 4360 deletionem

82 4406 227 4464 communi
249 4405 376 4464 consilio
390 4404 570 4482 collegarum
586 4404 649 4463 fieri
665 4404 845 4481 oportuisse,
867 4403 921 4462 sed
934 4405 1077 4463 bonorem
1093 4413 1184 4482 suget
1198 4403 1310 4482 duplici
1325 4403 1405 4462 dela-

82 4505 169 4566 tione.
186 4540 225 4550 -
240 4507 366 4566 Militiae
387 4506 464 4586 quod
479 4505 668 4585 praefectura
687 4505 804 4566 fabrum
827 4507 995 4584 opponitur,
1018 4506 1176 4566 confirmet
1190 4506 1270 4582 quod
1285 4505 1404 4565 aliunde

82 4677 284 4690 ⁵——-—---—

157 4791 180 4854 ¹)
205 4793 289 4843 Loeos
313 4793 433 4844 collectos
457 4791 570 4859 reperies
589 4789 747 4843 Stuotrreebt
767 4793 859 4862 uass
883 4808 909 4842 n.
923 4792 948 4842 3.
975 4793 1000 4854 2,
1015 4793 1049 4844 93
1073 4809 1099 4843 ιι.
1113 4795 1138 4844 2.
1176 4794 1234 4844 Hoc
1258 4807 1311 4842 non
1335 4799 1402 4842 recte

80 4883 152 4946 posui
170 4885 327 4948 praefectum
347 4885 459 4936 delatum
479 4901 534 4936 essa
553 4900 606 4936 non
625 4899 641 4934 s
660 4885 771 4946 consule,
791 4884 837 4935 sed
856 4901 872 4936 a
891 4884 1027 4934 consulari.
1056 4887 1140 4936 Immo
1160 4884 1317 4934 consuetudo
1337 4884 1404 4934 redit

80 4975 112 5023 ud
135 4976 163 5025 id
186 4984 298 5042 tempus,
322 4993 373 5043 quo
393 4979 555 5043 magistratus
575 4991 606 5027 ex
627 4978 759 5027 eonsulstn
779 4984 929 5042 prsetnrsve
947 4978 974 5026 in
994 4978 1138 5042 provincias
1157 4977 1360 5042 profiscebantur
1378 4983 1404 5026 et

80 5074 138 5116 ente
162 5083 238 5134 quem
263 5070 368 5122 exibent
393 5086 456 5135 quos
480 5071 587 5121 comites
608 5070 743 5134 elegissent
762 5069 795 5120 sd
814 5070 941 5119 aerarium
959 5069 1117 5131 deferebant,
1145 5069 1292 5134 videturque
1312 5085 1402 5118 consu·

79 5159 144 5210 libna
162 5163 374 5228 praetoribusque
393 5163 432 5214 ius
451 5169 505 5212 tum
524 5177 625 5228 quoque
645 5177 696 5212 non
715 5168 839 5214 mutatum
860 5163 991 5222 mansisse,
1011 5177 1069 5214 cum
1083 5163 1228 5226 provincius
1246 5169 1306 5227 post
1324 5163 1401 5214 inter-

80 5251 172 5301 vallum
192 5254 294 5303 demum
314 5254 535 5304 administrabunt.

154 5343 179 5406 ³)
207 5345 308 5397 'l'itulos
327 5347 459 5412 composui
478 5347 505 5398 in
524 5348 635 5398 Hermos
655 5348 732 5399 vol.1
754 5363 780 5412 p.
793 5345 837 5396 60.
