3618 5968
374 589 443 661 182
808 607 1085 658 sonrusunnna
1113 607 1195 657 von.
1216 608 1260 657 111

413 803 451 842 ex
479 783 575 860 ipsius
604 782 679 858 legis
705 782 878 840 consulibus
907 781 1130 858 corrigend01).
1175 785 1217 839 At
1243 781 1336 840 nihilo
1359 782 1456 841 minus
1478 783 1569 840 leetio
1593 784 1696 842 tradita

411 885 584 945 Belloriana
611 903 680 943 vera
707 894 760 943 est.
803 884 1013 942 Patrocinatur
1039 883 1065 941 ei
1093 884 1231 942 nimirum
1257 884 1335 961 lapis
1363 884 1508 943 miliarias
1530 902 1590 942 non
1614 885 1697 964 longe

414 1009 433 1047 a
448 985 548 1046 Calari
570 994 707 1062 repertus
728 986 827 1046 editus
849 1005 869 1044 a
882 987 1033 1045 Marmora
1054 1005 1143 1062 sopra
1158 986 1214 1044 alc.
1230 987 1369 1044 onticbitd
1383 988 1469 1044 sarda
1486 986 1598 1063 (1851)
1618 1008 1647 1065 p.
1662 987 1696 1046 98

414 1090 542 1168 aliisque
568 1089 740 1148 auctoribus
768 1087 888 1159 Sardis,
917 1089 988 1147 mihi
1016 1107 1110 1164 nuper
1137 1088 1220 1147 visus
1249 1089 1280 1146 in
1305 1105 1409 1147 museo
1432 1087 1626 1159 Caralitano,
1652 1091 1699 1165 qui

414 1211 480 1252 cum
507 1192 649 1270 Philippo
675 1192 752 1267 patri
781 1192 913 1262 tertium,
939 1191 1001 1248 filio
1028 1191 1188 1250 seeundum
1214 1191 1403 1250 consulatum
1425 1193 1552 1262 tribuat,
1579 1191 1699 1249 tribuni-

413 1297 489 1356 ciam
516 1302 614 1354 autem
641 1301 818 1372 potestatem
846 1294 978 1370 quintam
1004 1302 1065 1352 tam
1087 1295 1165 1369 patri
1192 1293 1386 1370 (quamquam
1408 1293 1439 1351 in
1461 1295 1518 1353 hoc
1539 1312 1596 1370 pro
1620 1310 1641 1350 v
1661 1295 1700 1353 in·

414 1399 510 1458 cisum
527 1407 574 1457 est
589 1398 685 1457 solum
700 1396 725 1472 1)
747 1415 837 1473 quam
852 1397 914 1456 filio
928 1396 992 1473 (ubi
1008 1415 1149 1455 numerus
1164 1397 1330 1455 luculenter
1345 1397 1494 1474 apparet),
1516 1405 1621 1473 aperte
1637 1399 1701 1455 anni

415 1509 462 1560 est
478 1499 547 1559 248.
583 1501 689 1575 ltaque
710 1501 736 1558 is
758 1500 909 1559 evidenter
929 1499 1060 1558 ostendit
1079 1499 1111 1556 in
1130 1499 1193 1558 filio
1209 1499 1397 1558 tribuniciam
1413 1507 1592 1576 potestatem
1606 1499 1702 1574 dupli·

416 1604 490 1662 citer
511 1615 694 1661 numeratam
721 1620 803 1674 esse,
830 1621 897 1660 enm
920 1602 972 1660 alii
993 1601 1158 1678 inciperent
1180 1603 1217 1659 ab
1239 1620 1274 1659 eo
1297 1620 1390 1674 anno,
1417 1620 1476 1678 quo
1501 1602 1566 1677 ipse
1590 1599 1702 1661 Caesar

414 1707 511 1764 laetus
525 1715 580 1778 est,
603 1717 688 1782 pater
703 1708 869 1781 Augustus,
893 1705 943 1780 qui
966 1712 1012 1762 est
1034 1723 1059 1762 a.
1073 1704 1143 1775 244,
1166 1705 1266 1781 itaque
1288 1703 1382 1780 patris
1403 1712 1432 1762 et
1451 1703 1506 1763 filii
1528 1704 1701 1763 tribunicias

416 1815 580 1884 potestates
602 1807 797 1883 aequabiliter
819 1814 1019 1880 numerarent,
1041 1807 1092 1864 alii
1114 1818 1212 1866 autem
1235 1807 1272 1864 ab
1295 1825 1321 1864 a.
1338 1806 1408 1877 247,
1431 1824 1489 1882 quo
1509 1805 1604 1864 filium
1620 1815 1702 1882 pater

415 1910 532 1987 imperii
559 1916 727 1968 consortem
750 1909 888 1968 adscivit.
932 1909 1071 1985 Denique
1093 1928 1160 1968 cum
1182 1909 1343 1985 Philippus
1365 1909 1445 1967 filius
1467 1905 1582 1968 Caesar
1603 1910 1702 1966 etiam·

414 2021 477 2071 tum
504 2013 696 2071 nihilominus
719 2013 874 2088 Augustus
898 2011 1116 2089 quodammodo
1138 2017 1168 2070 et
1189 2019 1271 2070 esset
1293 2021 1323 2070 et
1344 2012 1491 2070 diceretur
1513 2011 1565 2088 (ef.
1591 2010 1700 2070 Stante-

417 2117 494 2176 reoll
509 2108 544 2170 2²
570 2133 598 2190 p.
618 2114 695 2173 1106
718 2123 748 2172 et
769 2113 806 2172 de
827 2113 954 2173 nummis
976 2114 1040 2172 eius
1059 2114 1275 2173 Alexandrinis
1298 2113 1451 2190 inscriptis
1474 2114 1587 2198 Καῖσαρ
1604 2107 1704 2180 Σεβα-

417 2207 485 2277 στόε
513 2215 629 2274 Εε111ιε1
651 2216 686 2288 4,
709 2214 777 2292 89),
807 2217 871 2275 sine
898 2217 989 2276 dubio
1016 2217 1175 2276 tribunicia
1201 2223 1334 2294 potestas
1361 2234 1396 2273 eo
1423 2216 1489 2293 ipso
1519 2224 1655 2292 tempore
1676 2217 1703 2273 in
1790 2235 1791 2250 ¹

417 2339 483 2378 eum
507 2318 618 2378 collata
638 2329 697 2391 est,
724 2337 783 2395 quo
806 2317 920 2378 Caesar
941 2320 1037 2378 factus
1060 2327 1121 2391 est,
1144 2329 1263 2377 etcum
1285 2318 1448 2377 adrerum
1471 2319 1602 2394 Augusti
1625 2319 1705 2377 fasti-

417 2424 498 2500 gium
513 2431 632 2480 evectus
648 2422 773 2482 eandem
789 2422 886 2480 denuo
901 2421 1120 2499 quodammodo
1141 2429 1257 2481 auctam
1277 2429 1307 2479 et
1327 2420 1533 2480 confirmatam
1551 2423 1704 2496 reciperet,

420 2543 493 2584 sane
514 2524 622 2584 idonea
644 2543 736 2582 eausa
756 2533 833 2596 erat,
856 2543 908 2582 cur
930 2524 1038 2600 duplici
1060 2525 1176 2583 ratione
1197 2528 1228 2583 in
1250 2542 1287 2582 eo
1309 2524 1379 2581 anni
1401 2523 1550 2581 tribunicii
1571 2544 1705 2582 numera·

417 2636 526 2687 rentur.
544 2661 582 2670 —
598 2627 632 2686 Id
648 2627 728 2704 quod
747 2627 877 2686 diximus
896 2627 1009 2685 nummi
1027 2645 1147 2703 quoque
1162 2625 1382 2704 quodammodo
1403 2627 1588 2685 confirmant.
1627 2628 1705 2684 Inter

419 2749 557 2790 nummos
580 2730 716 2808 Philippi
737 2729 792 2787 filii
815 2730 920 2787 unicus
943 2729 1149 2804 quodetiam,
1177 2729 1316 2787 denarius
1339 2728 1455 2786 seilicet
1476 2725 1591 2786 Cobeni
1615 2749 1643 2786 n.
1660 2728 1705 2800 20,
1790 2803 1791 2816 ¹

416 2852 480 2892 eam
512 2835 609 2910 legem
643 2833 784 2909 sequitur,
818 2831 980 2890 secundum
1012 2851 1102 2908 quam
1136 2833 1249 2908 scripta
1281 2839 1350 2890 sunt
1382 2831 1515 2907 diploma
1546 2849 1574 2888 a.
1592 2829 1652 2890 248
1679 2843 1706 2888 et

417 2935 524 2994 titulus
546 2933 769 3007 Cuiculitanus,
794 2935 956 3011 inscriptus
983 2938 1050 3011 imp.
1075 2935 1117 2992 M.
1141 2935 1199 2992 Iul.
1223 2932 1378 3010 Phil-appas
1401 2932 1475 3010 Aup.
1493 2933 1534 3007 )(
1548 2953 1583 3009 p.
1612 2953 1646 2991 m.
1672 2945 1704 2990 tr.

414 3057 447 3114 p.
464 3038 503 3096 ΙΙ
521 3055 576 3096 eos.
593 3037 633 3095 ΙΙ
646 3057 678 3114 p.
697 3057 741 3113 p,
764 3036 833 3095 anni
856 3037 968 3095 scilieet
990 3036 1060 3096 248.
1098 3038 1147 3095 Ad
1168 3036 1302 3113 reliquos
1325 3053 1429 3094 omnes
1452 3035 1620 3094 secundum
1641 3054 1706 3095 con·

419 3158 540 3199 sensum
569 3140 795 3199 numismaticae
822 3139 983 3216 peritorum
1010 3139 1061 3197 lex
1082 3139 1245 3217 porrigitur
1267 3139 1305 3196 ab
1328 3138 1474 3197 Eckbelio
1498 3137 1546 3212 (t,
1565 3137 1645 3214 334)
1668 3139 1706 3194 ita

421 3243 576 3303 enuntiata
607 3239 650 3300 'in
682 3250 802 3300 moneta
834 3242 888 3300 lilii
921 3243 994 3300 satis
1020 3261 1162 3318 perverse
1194 3241 1297 3300 titulos
1326 3241 1419 3318 patris
1449 3249 1593 3298 exaratos
1623 3236 1706 3300 esse’:

421 3347 535 3406 scilicet
561 3363 627 3404 cum
654 3345 684 3402 in
712 3344 841 3403 nummis
867 3343 1002 3422 Philippi
1029 3343 1169 3404 Caesaris
1199 3343 1358 3402 tribunicia
1384 3351 1517 3419 potestas
1542 3362 1605 3402 non
1631 3363 1707 3402 corn·

420 3455 538 3527 pareat,
570 3449 602 3506 in
630 3447 759 3506 nummis
787 3447 918 3506 eiusdem
947 3449 1093 3524 Augusti,
1128 3457 1161 3504 ut
1187 3447 1340 3506 mittamus
1368 3445 1576 3523 inscriptiones
1607 3465 1707 3522 parurn

420 3561 528 3623 certas,
548 3550 677 3628 legimus
698 3550 728 3608 in
744 3549 811 3607 aliis
833 3547 951 3623 (Coben
973 3571 1000 3608 n.
1018 3548 1067 3608 22.
1084 3550 1133 3608 50.
1150 3546 1198 3608 62.
1216 3549 1269 3626 63)
1288 3569 1320 3625 p.
1337 3569 1383 3619 aa,
1401 3558 1435 3606 tr.
1447 3567 1480 3624 p.
1496 3548 1577 3621 IIII,
1595 3567 1649 3607 cos.
1665 3547 1707 3616 II,

416 3675 449 3732 p.
469 3673 516 3730 p,
543 3654 573 3710 in
595 3653 663 3712 aliis
686 3649 805 3728 (Cohen
828 3673 856 3710 n.
874 3649 1020 3728 23-27)
1040 3672 1071 3728 p.
1094 3672 1145 3723 ua,
1172 3661 1207 3710 tr.
1226 3672 1257 3728 p.
1280 3651 1339 3722 VI,
1362 3669 1433 3720 coa,
1453 3670 1484 3726 p.
1504 3670 1536 3725 p.
1574 3649 1708 3726 Utraque

421 3755 576 3833 inscriptio
602 3756 631 3813 in
661 3763 745 3831 patre
771 3755 948 3832 saepissime
973 3753 1132 3812 invenitur.
1170 3752 1259 3828 Quod
1286 3754 1313 3812 si
1339 3753 1521 3829 quaerimus,
1550 3773 1621 3812 num
1646 3752 1707 3809 filio

421 3877 540 3934 quoque
566 3857 759 3928 conveniant,
782 3857 871 3914 modo
892 3864 1072 3933 potestatem
1094 3855 1157 3914 eius
1179 3855 1367 3914 tribuniciam
1390 3874 1484 3932 aeque
1505 3865 1596 3930 atque
1617 3855 1707 3932 patris

421 3962 458 4019 ab
481 3980 508 4020 a.
525 3957 585 4018 244
607 3977 810 4031 numeremus,
836 3959 866 4016 in
888 3959 1055 4035 posteriore
1077 3959 1108 4016 id
1130 3977 1231 4016 verum
1255 3965 1313 4029 est,
1336 3977 1396 4016 non
1418 3977 1521 4016 verum
1544 3959 1575 4015 in
1597 3959 1706 4036 priore3

422 4083 490 4122 nam
514 4083 540 4120 a.
557 4063 617 4122 247
639 4071 725 4140 pater
747 4061 854 4120 consul
875 4061 905 4120 Il
927 4061 998 4132 fuit,
1025 4061 1105 4120 filins
1127 4061 1241 4120 consul.
1287 4061 1393 4138 Itaque
1420 4061 1490 4119 licet
1515 4061 1614 4119 adhuc
1638 4078 1708 4118 vera

423 4167 463 4224 sit
489 4165 539 4224 lex
567 4165 621 4223 illa
640 4164 840 4236 Eclrbeliana,
875 4162 1052 4236 difficultas,
1076 4181 1163 4240 quam
1187 4165 1252 4240 ipse
1275 4165 1320 4222 vir
1347 4163 1475 4221 eximius
1501 4175 1580 4221 recte
1603 4161 1706 4231 sensit,

422 4287 483 4327 non
511 4267 629 4326 sublata
656 4266 776 4342 quidem
805 4277 866 4338 est,
899 4267 951 4324 sed
981 4275 1079 4324 tamen
1109 4266 1293 4342 aliquantum
1310 4251 1426 4341 lenita,
1457 4285 1526 4324 nam
1555 4285 1620 4324 cum
1646 4284 1707 4321 mo-

422 4371 528 4430 netarii
561 4369 664 4427 titulos
697 4370 828 4445 reliquos
862 4371 956 4445 patris
989 4381 1019 4428 et
1050 4369 1104 4427 filii
1137 4369 1258 4428 eosdem
1285 4385 1353 4426 esse
1380 4378 1520 4442 nossent,
1547 4370 1585 4427 ad
1610 4368 1705 4426 solum

425 4473 587 4533 discrimen
606 4473 637 4531 in
659 4473 816 4532 consulatu
837 4489 891 4532 eos
913 4491 974 4531 non
996 4471 1159 4531 attendisse
1179 4490 1239 4529 non
1262 4471 1422 4530 admodum
1444 4473 1550 4530 mirum
1573 4483 1625 4530 est.

461 4735 482 4796 ¹)
510 4735 563 4788 Sed
593 4736 662 4800 quod
686 4743 818 4800 praeterea
841 4736 966 4788 Renierus
991 4737 1017 4786 ln
1041 4735 1211 4802 diplomatum
1235 4735 1332 4800 sylloge
1357 4753 1381 4801 p.
1397 4711 1430 4786 52
1451 4735 1533 4786 tribus
1551 4735 1611 4786 locis
1629 4732 1705 4782 radt-

382 4837 435 4878 tam
459 4829 594 4877 lectionem
614 4831 722 4879 mutavit
746 4831 897 4880 coniecturis
917 4831 944 4879 in
968 4835 1066 4878 textum
1093 4831 1201 4893 receptis
1221 4829 1334 4878 scribens
1355 4844 1377 4877 r·
1394 4829 1409 4878 3
1430 4841 1490 4885 cos
1505 4855 1512 4868 ·
1529 4844 1548 4884 11
1564 4857 1570 4870 ·
1585 4839 1656 4883 Des·
1676 4839 1705 4879 111

382 4937 429 4987 pro
450 4933 509 4978 cos
526 4948 532 4961 ·
549 4935 577 4976 ιιι
593 4949 599 4962 ·
615 4935 684 4992 nas,
707 4937 731 4971 v.
747 4921 780 4972 15
802 4939 820 4979 11
839 4939 886 4988 pro
906 4935 965 4979 cos
981 4949 987 4963 ·
1004 4935 1059 4978 nas
1076 4949 1082 4964 ·
1099 4935 1139 4990 ιιι,
1163 4921 1344 4972 altudere
1366 4921 1706 4990 cos-uppetona

382 5022 484 5078 praeter
503 5014 708 5078 probabilitatem
728 5023 753 5065 at
771 5021 872 5080 praeter
889 5017 1074 5076 necessitatem,
1097 5030 1143 5066 nec
1162 5015 1283 5064 serendus
1303 5021 1342 5063 est
1360 5013 1474 5064 medicus
1494 5016 1550 5065 sine
1568 5013 1617 5064 ulla
1631 5022 1705 5060 ausa

383 5121 471 5158 secans
490 5113 516 5157 ct
534 5121 619 5157 urens.
