3630 5968
94 585 197 634 mm
419 582 628 634 naamanin.
657 583 851 634 annnorum
869 583 1054 636 rusamon.

19 729 21 782 l
95 755 147 814 tat
164 756 193 814 in
214 755 360 832 amphora
381 753 503 815 Salonis
524 775 586 831 rep.
606 755 685 815 1874
708 754 838 832 [Spalati
860 757 959 834 mua.].

433 894 534 952 litteris
556 896 635 952 cauis
788 911 907 953 ranan
931 925 938 938 ·
962 913 1043 954 rau

430 995 529 1055 litteris
551 997 731 1056 eminentibus
825 1013 856 1054 re
872 1012 887 1054 s
903 1016 923 1055 a

94 1131 214 1192 Glavinid
235 1132 330 1193 aaut.
354 1135 404 1191 der
428 1131 642 1194 Centralcomm.
669 1135 747 1194 1875
769 1154 798 1213 p.
816 1133 942 1193 XLVII.

95 1343 151 1402 122
170 1345 262 1403 fibula
283 1363 321 1403 ex
343 1344 440 1403 solido
461 1363 545 1418 auro,
568 1342 688 1405 Salonis
711 1363 783 1420 rep,
806 1355 851 1405 eat
873 1343 988 1422 Spalati
1010 1348 1040 1405 in
1063 1365 1176 1408 museo.

346 1483 382 1540 ab
404 1501 464 1541 una
483 1493 580 1559 parte:
921 1485 957 1544 ob
979 1483 1085 1544 altero.-

382 1600 551 1642 nannai
859 1602 997 1645 vraaa
1033 1603 1124 1645 aaut

96 1718 218 1780 Glarinid
241 1721 337 1780 Meet.
361 1723 411 1779 der
436 1721 647 1782 Centrolcomm.
674 1722 752 1782 1875
775 1744 803 1800 p.
819 1723 854 1781 L.

19 1817 20 1822 ’
126 1823 214 1880 Immo
235 1824 371 1884 Delmati.

477 2369 729 2446 PANNONIA
761 2369 1003 2447 INFERIOR.

19 2573 21 2620 3
128 2577 184 2653 Qui
198 2580 245 2638 his
259 2579 374 2638 ultimis
390 2581 476 2638 annis
497 2579 526 2637 in
543 2597 675 2638 museum
689 2581 865 2640 Pestinense
885 2581 961 2639 illati
983 2588 1052 2639 sont
1071 2579 1159 2650 tituli,
1178 2581 1249 2638 item
1269 2580 1344 2638 alios
1365 2581 1402 2639 ab

93 2682 185 2741 amicis
201 2690 337 2758 acceptos
353 2682 505 2740 indefesso
520 2682 633 2752 labore,
649 2683 701 2740 sed
716 2684 754 2741 iis
769 2683 820 2759 qui
835 2683 1036 2759 ilungaricam
1053 2684 1186 2761 linguam
1201 2683 1337 2741 nesciunt
1351 2702 1403 2760 pa·

19 2807 21 2846 ;
93 2802 148 2840 rum
164 2784 236 2857 utili,
259 2784 380 2860 collegit
395 2785 544 2859 ediditque
560 2783 720 2843 Florianus
733 2784 844 2843 Rdmer
859 2785 1070 2861 archacolopr'ai
1085 2785 1276 2861 lcdrleme'uyelc
1292 2785 1350 2842 vol.
1366 2786 1400 2842 ll

19 2967 20 2972 ἵ
92 2885 193 2962 (1877)
214 2887 285 2944 fasc.
301 2889 316 2944 l
336 2908 365 2964 p.
380 2887 512 2946 27-46.
546 2887 667 2945 Partem
684 2907 787 2945 eorum
802 2888 939 2964 repetivit
949 2887 1080 2963 Hampel
1095 2887 1175 2963 apud
1190 2887 1403 2946 Benndorlium

19 3013 20 3040 ι
92 2995 116 3042 et
135 2987 362 3047 Hirschfeldium
386 2990 839 3066 orclcioloptecl-epipropliaclte
862 2990 1080 3066 Mittlreilunqoa
1107 3007 1159 3047 aue
1186 2989 1361 3048 Oesterreiclt
1384 2989 1402 3046 2

91 3088 192 3164 (1878)
214 3111 242 3168 p.
259 3090 395 3150 67-80.
440 3091 747 3168 Stuhlweissenburgi
775 3111 868 3170 nuper
889 3101 1007 3168 reperta
1029 3092 1183 3150 ediderunt
1204 3091 1354 3166 Majonica
1375 3099 1404 3148 et

92 3188 243 3251 Schneider
264 3194 372 3251 ibidem
397 3195 409 3250 l
435 3193 545 3270 (1877)
569 3214 597 3271 p.
617 3195 791 3252 163-171.
836 3194 916 3253 Hinc
937 3195 1055 3272 potiora
1077 3192 1212 3270 repetivi,
1239 3213 1334 3268 pauca
1354 3193 1405 3251 ad·

19 3361 20 3376 ¹
91 3292 143 3351 didi
165 3295 284 3354 aliunde
306 3295 474 3370 adsumpta.
519 3295 614 3354 Omisi
637 3297 739 3355 titulos
762 3297 890 3373 exiguae
912 3297 1049 3356 utilitatis
1072 3296 1168 3354 editos
1195 3295 1274 3372 apud
1295 3293 1403 3352 Rdme-

19 3389 20 3392 ’
90 3414 147 3454 rnm
169 3397 200 3455 in
218 3398 365 3458 fasciculo
389 3416 479 3476 supra
501 3397 590 3457 citato
612 3417 640 3456 n.
661 3398 707 3455 14.
727 3399 773 3457 15.
793 3399 838 3456 16.
858 3398 904 3458 17.
923 3399 970 3457 18.
988 3399 1036 3458 21.
1055 3396 1103 3455 22.
1121 3399 1173 3468 24,
1203 3396 1273 3455 item
1300 3395 1339 3454 ad
1359 3396 1404 3454 in-

89 3507 277 3560 strumentum
301 3520 377 3578 quae
397 3501 547 3578 pertinent
561 3501 721 3578 pleraqne3
744 3500 871 3577 denique
887 3501 1081 3578 sepulcralem
1097 3499 1206 3558 editum
1222 3517 1241 3556 a
1255 3499 1406 3573 Majonica

332 3951 482 4012 cvsvn.
526 3953 713 4012 nauare.
757 3950 881 4011 ovcor
904 3952 946 4028 (p.
964 3951 1033 4010 421.
1052 3950 1155 4026 1041).

88 4117 152 4176 428
175 4121 287 4195 prodiit
308 4121 336 4178 d.
353 4120 370 4178 6
387 4121 457 4177 Mai.
476 4118 553 4179 1878
576 4122 606 4178 in
623 4139 712 4198 opere
733 4119 834 4196 posita
855 4121 885 4178 in
903 4120 1023 4178 abbatia
1037 4116 1295 4178 Benedictinorum
1311 4118 1407 4176 Aracs

122 4239 200 4295 qaae
217 4221 273 4280 fuit
286 4242 380 4301 prope
396 4221 612 4282 Tiirdk-Becse
632 4223 743 4298 (comit.
756 4221 899 4280 Torontal
915 4229 997 4279 trans
1015 4221 1184 4280 Danuvium
1200 4221 1238 4278 ad
1251 4219 1361 4278 Theiss
1377 4219 1405 4278 fl.

122 4340 216 4399 sopra
238 4323 314 4383 Titel
343 4341 449 4383 versus
477 4321 652 4402 Saegedin).
697 4323 800 4382 Videri
827 4343 861 4381 eo
889 4323 1063 4382 translatum
1090 4341 1157 4382 esse
1183 4322 1312 4400 lapidem
1341 4340 1407 4380 cum

123 4425 191 4482 aliia
222 4426 366 4486 similibus
395 4427 568 4486 aedificandi
591 4444 682 4484 eausa
704 4425 741 4484 ab
764 4427 858 4484 altera
884 4426 950 4503 ripa
971 4425 1105 4485 Danuvii
1127 4425 1267 4484 observat
1290 4422 1408 4485 Szanr-

121 4525 264 4587 Etanna.
297 4527 401 4588 Simile
423 4529 564 4604 quiddam
586 4529 667 4587 cadit
687 4530 718 4586 in
740 4529 842 4588 titulos
865 4528 941 4586 alios
962 4527 1246 4586 Transdanuvianos
1270 4547 1299 4586 n.
1316 4525 1406 4586 3266.

123 4627 215 4688 3297.

501 4773 559 4816 cra
692 4756 847 4834 Descripsi
889 4757 927 4814 ad
965 4765 1103 4831 ectypum
1138 4755 1406 4832 photographioum

309 4875 550 4917 curan-xum
594 4882 607 4912 a
691 4860 771 4933 quod
805 4859 952 4917 miserunt
983 4877 1051 4916 eum
1087 4857 1113 4915 d.
1153 4857 1187 4915 15
1221 4856 1292 4915 Mai.
1330 4854 1408 4914 1878

184 4977 276 5018 aaa·
298 4977 500 5021 nrosrnsar
523 4977 648 5019 ·vrx1r
692 4961 844 5036 Eugenius
874 4959 1102 5036 Saent-Elaray
1129 4959 1166 5016 ab
1194 4958 1331 5036 epistulis
1361 4975 1409 5015 so-

184 5079 236 5120 sn
252 5077 315 5120 ·vrn
327 5081 364 5121 ·a
377 5095 384 5108 ·
397 5079 449 5121 rt·
462 5079 650 5124 naacaavs
693 5062 808 5122 cietatis
831 5062 1075 5138 archaeologicae
1097 5070 1128 5120 et
1147 5061 1308 5119 historicae
1323 5059 1409 5118 Hun-

134 5183 145 5220 s
187 5179 575 5224 svrs·a·srar·vrvs
604 5187 618 5218 a
693 5165 795 5241 gariae
810 5164 1012 5224 meridionalia
1027 5171 1089 5223 tum
1105 5163 1281 5222 Theodorus
1294 5160 1411 5238 Ortvay

244 5281 382 5325 rosv
405 5284 453 5324 ιτ
540 5289 553 5320 s
694 5267 945 5346 Presaburgensis
973 5267 1001 5326 d.
1026 5265 1073 5325 29.
1097 5267 1175 5342 Aug.
1202 5264 1290 5324 1878.
