3618 5968
384 614 458 688 212
645 637 921 688 contriturum
949 636 1034 689 von.
1055 639 1108 688 vu
1134 637 1454 690 anrraumcanmt.
1573 647 1712 696 rra-na

386 809 449 870 718
472 811 542 887 (ins.
565 820 635 889 post
662 831 690 870 n.
710 809 814 887 1327).
859 810 966 890 Onyx,
993 832 1053 889 rep.
1076 812 1106 869 in
1130 811 1295 884 suetiam,
1323 813 1463 870 servabat
1486 809 1586 872 Stair
1607 813 1636 869 in
1660 812 1710 868 Al-

427 915 595 973 damnator.

997 1013 1012 1054 z
1024 1017 1043 1056 a
1055 1013 1074 1056 c
1087 1014 1102 1055 e

383 1161 533 1241 Goughs
556 1162 691 1224 Camden
713 1166 727 1223 I
751 1164 810 1241 (ed.
834 1184 860 1224 a.
881 1165 974 1240 1789)
996 1185 1024 1243 p.
1045 1163 1102 1223 142
1125 1164 1209 1240 (inde
1226 1165 1366 1224 Watkin
1388 1165 1640 1240 arctarety'our-n.
1657 1163 1706 1233 38,

357 1261 360 1270 '
385 1267 463 1325 1877
488 1287 516 1343 p.
534 1266 598 1342 68).

425 1367 569 1428 Fortasse
591 1367 726 1430 Graecus
749 1371 853 1429 titulus
875 1378 947 1429 erat.

383 1576 470 1637 7180
492 1578 582 1637 Soutlr
605 1577 736 1650 skioldo,
763 1591 881 1656 reperta
907 1581 936 1637 in
966 1580 1177 1640 effossionibus
1206 1581 1274 1638 anni
1305 1581 1392 1638 1878.
1443 1579 1560 1657 Cippus
1591 1579 1708 1655 fastigio

422 1691 554 1752 ornatus,
577 1681 687 1741 affabre
708 1683 851 1759 sculptus.
893 1682 1026 1741 Litterae
1046 1683 1181 1742 videntur
1200 1701 1266 1741 esse
1289 1683 1403 1741 saeculi
1425 1683 1548 1740 alterius
1571 1683 1707 1740 exeuntis

423 1782 469 1841 vel
492 1783 582 1842 tertii.

886 1886 962 1928 matter
983 1886 1059 1928 sedeas
1081 1885 1104 1926 iu
1126 1887 1208 1936 turono,

895 1973 963 2020 florea
985 1971 1008 2011 ta
1029 1971 1079 2012 clau
1100 1981 1189 2022 cerm,-

910 2054 969 2104 t'usrc
991 2067 1006 2094 a
1027 2057 1091 2096 meaa
1113 2056 1179 2096 arula

898 2132 940 2184 (aet
961 2132 1055 2188 cirtulo),
1078 2149 1094 2180 a
1115 2138 1192 2178 metro

912 2222 978 2262 attala
1000 2231 1047 2262 cam
1063 2221 1171 2271 fructibus

724 2357 745 2396 t>
773 2370 780 2384 ·
808 2355 834 2397 Μ
862 2357 975 2399 REGlNA
1002 2357 1129 2400 tieem
1157 2358 1191 2399 ET
1222 2357 1358 2407 CONIVGE

724 2458 889 2501 BARATES
919 2459 1159 2503 uatmtaemvs
1189 2459 1358 2504 ΝΑΤΙΟΝΕ

727 2558 998 2604 catvattavma
1082 2563 1130 2605 ΑΝ
1215 2563 1297 2603 XXX

395 2705 987 2865 mercaturus
1034 2699 1201 2813 ortt
1233 2705 1403 2808 snm„
1430 2701 1683 2856 estol}

376 2963 452 3024 Rob.
476 2964 578 3022 Blair
600 2974 737 3041 ectypum
759 2965 850 3035 misit,
874 2964 951 3022 unde
974 2963 1128 3039 descripsi.
1224 2995 1226 2997 ·

415 3066 496 3144 Lege
525 3065 600 3142 d(ia)
624 3065 793 3142 munibus)
816 3065 927 3142 Recine
954 3067 1056 3124 liberta
1082 3076 1105 3122 et
1132 3068 1250 3140 coaluus
1272 3065 1396 3123 Baretta
1420 3063 1624 3140 Palmyrenus,
1649 3083 1698 3122 aa·

375 3172 450 3226 tione
475 3167 681 3240 Gutuollcuna,
704 3168 870 3244 armorum)
893 3167 997 3226 XXX.

416 3269 557 3346 Sequitur
579 3288 684 3329 versus
706 3270 813 3330 litteris
836 3270 1026 3347 Palmyrenis
1050 3271 1179 3347 scriptus
1202 3270 1264 3344 (bic
1287 3269 1325 3327 ad
1347 3270 1480 3344 quintam
1503 3269 1565 3327 lere
1590 3279 1696 3346 partem

373 3389 530 3431 mensurae
552 3392 640 3432 verae
662 3373 824 3449 redactus),
846 3391 931 3448 quem
956 3371 1125 3431 Guilelmus
1149 3373 1288 3449 Wriglrt
1309 3373 1424 3430 amicus
1447 3370 1698 3448 Cantabrigiensis

377 3475 583 3554 transscripsit
604 3477 646 3534 ita
669 3475 750 3551 (vide
771 3475 974 3552 ephemerides
995 3475 1039 3533 tlte
1054 3474 1198 3551 Academy
1221 3493 1248 3532 a.
1268 3471 1346 3532 1878
1362 3475 1420 3532 vol.
1437 3475 1469 3532 II
1484 3493 1513 3551 p.
1529 3475 1600 3534 438.
1615 3473 1698 3548 tom:

375 3557 447 3628 ’ῬΞΠ
472 3574 584 3630 ΝθῖἛ
610 3575 715 3628 ’ἾΠΠΞ
742 3576 841 3650 87777,
864 3579 974 3653 Recine
997 3578 1097 3636 liberta
1119 3577 1250 3635 Baratir,
1295 3576 1455 3634 Eduardus
1478 3575 1620 3637 Sochau
1641 3576 1697 3633 col·

371 3680 441 3757 lega
467 3682 589 3740 adnotat
615 3681 794 3740 elementum
821 3681 859 3738 ab
889 3681 973 3738 initio
1000 3699 1019 3737 a
1044 3679 1151 3738 dextra
1178 3679 1317 3752 alterum,
1354 3680 1433 3754 quod
1462 3679 1504 3737 ita
1534 3679 1696 3738 curavimus

369 3785 598 3861 repraesentari,
621 3783 706 3841 utin
728 3782 906 3859 lapideam,
929 3781 1037 3840 lineam
1061 3793 1262 3840 transversam
1287 3782 1457 3841 inferiorem
1478 3783 1561 3840 casui
1584 3782 1692 3848 debere,

370 3887 554 3962 superiorem
584 3886 679 3944 solam
711 3885 819 3943 iustam
849 3885 951 3943 videri.
1001 3885 1036 3942 lu
1069 3891 1152 3942 textu
1178 3883 1288 3943 Latino
1323 3884 1445 3942 ablativi
1478 3893 1579 3960 aperte
1610 3881 1693 3959 positi

368 3999 439 4046 sunt
460 3988 569 4046 rustice
592 4007 646 4064 pro
669 3986 792 4057 dativis3
821 3985 1017 4045 Catualluuuu
1040 3997 1136 4060 potest
1158 3987 1246 4043 etiam
1269 3987 1472 4045 nominativus
1496 4003 1572 4045 esse.
1617 3983 1692 4042 Nata

367 4089 458 4166 igitur
486 4097 532 4148 est
558 4090 675 4166 Regina
708 4089 739 4146 in
768 4088 925 4146 Britannia
957 4089 988 4146 in
1014 4088 1132 4146 civitate
1160 4086 1443 4147 Catuvellaunorum
1471 4107 1520 4159 ea,
1553 4106 1626 4163 quae
1655 4101 1690 4141 ex

368 4201 487 4251 vetusta
508 4192 604 4268 gentis
627 4191 698 4250 sede
720 4201 887 4268 propagata
910 4191 1009 4250 sedem
1037 4209 1144 4249 novam
1169 4190 1285 4249 videtur
1306 4191 1450 4250 habuisse
1472 4190 1579 4248 alicubi
1600 4190 1626 4246 in
1647 4206 1689 4245 re·

367 4293 454 4371 gione
481 4294 567 4363 valli,
595 4293 672 4351 unde
700 4301 881 4350 memoratur
908 4293 938 4350 in
966 4293 1054 4352 titulo
1083 4293 1199 4370 Magnis
1228 4293 1266 4350 ad
1293 4291 1404 4351 vallum
1431 4301 1549 4370 reperto
1572 4290 1603 4350 C.
1618 4291 1640 4348 1.
1654 4287 1687 4344 L.

366 4394 427 4453 VII
450 4395 519 4453 863.
557 4395 682 4452 Barates
711 4395 879 4472 negotiator
899 4395 1095 4471 Palmyrenus
1125 4395 1155 4452 iu
1184 4395 1309 4454 castello
1331 4395 1369 4453 ad
1390 4394 1485 4453 Tinae
1508 4395 1613 4454 ostium
1635 4391 1687 4448 sito

365 4496 482 4555 videtur
504 4497 667 4555 habitasse.
715 4496 761 4554 De
786 4497 873 4555 titulo
903 4497 1098 4568 memorabili,
1126 4515 1213 4572 quem
1240 4505 1327 4555 extra
1353 4497 1487 4556 ordinem
1513 4497 1562 4556 hic
1586 4495 1614 4552 iu
1634 4493 1687 4551 tine

366 4597 463 4656 visum
488 4609 534 4656 est
556 4599 728 4674 adiungere,
757 4617 815 4657 non
838 4617 935 4676 pauca
956 4599 1013 4656 iam
1036 4599 1143 4657 litteris
1165 4599 1306 4658 mandata
1327 4608 1431 4658 extant
1451 4601 1481 4658 in
1505 4593 1687 4677 ephemeridi-

364 4699 421 4758 bus
444 4700 626 4758 Britannicis
649 4700 868 4777 compluribus3
897 4702 985 4776 plena
1012 4711 1040 4759 et
1067 4709 1207 4760 accurata
1234 4701 1326 4760 totius
1353 4703 1535 4760 monumenti
1562 4699 1645 4758 editio
1669 4713 1686 4750 a

364 4803 507 4860 societate
529 4803 764 4878 antiquariorum
788 4802 961 4862 Aelianonei
985 4813 1168 4879 expectatur.

1407 4890 1493 4947 Asu.
1509 4886 1644 4946 liburna.
