3792 5970
206 655 257 707 aas
720 651 804 704 vos.
819 653 858 704 vi
878 652 986 705 annu.
1001 652 1026 704 1.
1465 632 1537 704 327

204 825 277 886 883
303 825 432 886 Ioannes
455 823 591 887 Schmidt
617 826 722 902 primis
749 826 903 886 mensibus
929 845 957 886 a.
977 825 1055 886 1879
1078 835 1180 886 nostra
1201 843 1294 886 causa
1315 826 1542 903 diligentissime

248 929 366 1000 titulos,
394 928 445 1004 qui
471 929 502 986 iu
529 927 672 987 tabularii
694 925 859 1005 Capitolini
885 928 1001 988 horreis
1025 938 1192 1000 servantur,
1220 929 1393 988 describens
1415 929 1539 990 utilissi-

247 1050 326 1090 mam
354 1048 476 1107 operam
500 1030 646 1107 impendit
676 1031 707 1088 iu
736 1029 903 1106 fragmenta
932 1031 1049 1090 basium
1075 1049 1311 1090 marmorearum
1337 1032 1368 1090 in
1395 1031 1540 1090 lateribus

247 1135 370 1192 nomina
405 1132 532 1191 militum
571 1132 828 1208 praetorianorum
867 1153 921 1210 per
956 1136 1107 1192 centurias
1144 1133 1293 1211 disposita
1325 1134 1540 1208 exhibentium,

250 1255 326 1314 quae
349 1251 404 1311 ego
427 1254 445 1292 a
466 1233 608 1293 Kaibelio
631 1235 821 1310 potissimum
843 1235 964 1294 adiutus
986 1244 1075 1294 antea
1095 1236 1312 1312 descripseram
1338 1247 1368 1296 st
1389 1235 1541 1296 edideram
1580 1275 1585 1285 ·

249 1339 304 1398 sub
328 1356 356 1395 n.
374 1334 465 1396 2385.
490 1334 580 1395 2388.
606 1335 696 1396 2390.
720 1335 810 1396 2391.
835 1335 915 1395 2393
940 1337 990 1412 (cl.
1014 1336 1161 1396 Addenda
1182 1356 1211 1413 p.
1228 1337 1313 1414 868).
1356 1337 1436 1396 Nam
1456 1339 1542 1396 etla-

249 1439 368 1516 pidibus
398 1439 462 1496 luto
493 1447 523 1496 et
554 1438 636 1496 calce
667 1439 764 1497 tenaci
795 1438 897 1497 oblitis
927 1439 1034 1497 sedulo
1066 1439 1202 1516 purgatis
1230 1441 1397 1516 litterisque
1424 1439 1540 1499 detritis

249 1558 342 1617 opera
367 1539 517 1616 frequenti
542 1539 701 1616 diligenter
728 1541 906 1600 examinatis
928 1541 1009 1599 haud
1033 1560 1129 1616 pauca
1150 1549 1230 1600 recte
1253 1542 1325 1619 legit
1349 1560 1427 1618 quae
1454 1550 1542 1601 antea

250 1642 295 1701 vel
322 1641 401 1700 male
427 1642 507 1700 lecta
533 1642 579 1700 vel
608 1643 729 1701 omnino
756 1661 814 1702 non
842 1643 962 1720 cognita
987 1653 1073 1702 erant
1098 1651 1128 1701 et
1149 1644 1281 1720 lapidum
1303 1644 1471 1722 generibus,
1493 1645 1542 1702 lit·

250 1756 379 1805 terarum
402 1751 517 1815 natura,
541 1744 610 1803 aliis
633 1744 752 1804 indiciis
774 1746 934 1822 diligenter
955 1745 1152 1804 consideratis
1168 1746 1248 1805 haud
1264 1763 1361 1823 pauca
1375 1745 1543 1822 frsgmenta

250 1848 297 1906 vel
318 1844 467 1924 quomodo
489 1846 698 1924 coniungenda
719 1847 766 1905 rel
788 1848 872 1906 cuius
898 1847 980 1906 basis
1006 1857 1106 1906 essent
1131 1856 1182 1907 aut
1206 1858 1289 1907 certo
1315 1849 1470 1924 perspexit
1491 1855 1543 1906 aut

250 1950 424 2010 coniectura
445 1949 594 2026 probabili
616 1950 770 2010 divinavit.
818 1949 884 2008 Nos
911 1969 950 2008 ex
975 1949 1013 2008 iis
1036 1967 1112 2026 quse
1134 1949 1208 2027 legit
1229 1948 1276 2010 vel
1299 1949 1473 2028 recognovit
1494 1949 1542 2006 hic

251 2053 407 2131 posuimus
431 2052 558 2129 potiora.

251 2275 292 2336 N.
309 2275 415 2336 2385α
442 2276 621 2336 examinetis
648 2277 808 2356 diligenter
833 2286 863 2335 et
883 2294 1029 2334 marmore
1051 2284 1082 2334 et
1103 2275 1199 2334 forma
1221 2275 1304 2335 basis
1327 2297 1345 2334 a
1365 2275 1541 2353 fragmentis

211 2378 316 2438 23855
343 2378 586 2456 distinguendum
617 2397 684 2437 esse
710 2379 866 2456 perspexit
894 2377 1044 2450 Schmidt,
1074 2379 1124 2455 qui
1153 2378 1255 2438 addito
1284 2379 1451 2458 fragmento
1477 2397 1541 2435 ver-

211 2499 298 2541 suum
315 2479 395 2539 2-5
419 2481 589 2558 composuit
611 2481 668 2540 sic:

635 2693 1129 2746 lmp.aass.t.re1›tiruio

636 2995 754 3040 PARTH
783 3010 790 3026 ·
816 2999 841 3040 Μ
872 2999 969 3040 xtra·
1022 3001 1131 3042 rtranr

579 3103 590 3142 t
634 3099 746 3144 PONTlF
773 3113 780 3127 ·
808 3101 909 3143 ΜΑΧ·
959 3103 1050 3144 ritas.
1083 3109 1133 3156 pot

634 3184 856 3244 xvir-lnam·
901 3217 932 3247 οι.
954 3206 980 3245 ur
997 3217 1021 3256 ρ.
1040 3217 1064 3257 ρ.
1087 3207 1133 3247 ass

634 3303 732 3348 renuet
762 3317 769 3332 ·
797 3305 970 3346 ANTostsrr'
996 3318 1132 3358 perman

629 3392 671 3448 ‘SA
730 3421 736 3434 ·
770 3407 777 3434 ¹
804 3411 842 3440 m
875 3411 883 3448 t
908 3409 1014 3452 commodi
1038 3409 1134 3458 s.arrc

664 3461 850 3892 qenais.
860 3514 897 3566 pir
909 3511 1012 3555 uror
1032 3525 1038 3540 ·
1058 3487 1165 3553 orvi*

567 3617 592 3657 to
635 3614 732 3734 hrpDR·
768 3621 864 3667 roaepot.
879 3615 927 3656 dial
997 3613 1133 3655 traam

636 3716 940 3760 cousentaneum
1018 3716 1040 3756 D
1118 3717 1133 3756 Ρ

637 3801 712 3861 cohi
762 3827 838 3874 arcp.
853 3833 873 3862 a
889 3821 945 3862 dn.
960 3831 1002 3872 mr.
1017 3823 1037 3863 ei

214 4013 361 4074 Notanda
379 4015 520 4075 salutatio
539 4017 732 4094 imperatoria
747 4017 808 4076 XV
822 4018 981 4078 coniuncta
999 4037 1065 4076 cum
1085 4035 1209 4077 numero
1229 4016 1404 4076 tribuniciae
1418 4023 1548 4094 potesta-

213 4118 254 4175 tis
270 4115 375 4189 XVII,
395 4135 461 4176 cum
477 4119 631 4199 hucusque
658 4129 719 4178 tam
746 4121 958 4196 inscriptiones
980 4138 1071 4197 quam
1093 4120 1203 4178 nummi
1227 4127 1258 4178 ut
1280 4119 1413 4179 ultimam
1437 4117 1548 4178 salutu-

212 4220 326 4279 tionem
348 4220 572 4297 imperatoriam
594 4222 753 4281 habuerint
774 4223 990 4282 duodecimam.

780 4493 984 4504 .—.-—..—.

259 4715 307 4774 De
330 4735 358 4774 n.
376 4713 479 4776 23855
503 4715 685 4778 Schmidtius
707 4719 875 4795 disputavit
895 4719 982 4777 haec:

259 4812 389 4895 'Corpus
420 4819 669 4894 fragmentorum,
702 4821 782 4896 quod
811 4821 866 4879 sub
894 4841 922 4878 n.
947 4822 959 4876 l
992 4821 1162 4898 composui,
1195 4821 1283 4880 trium
1313 4819 1396 4878 basis
1425 4819 1549 4879 laterum

216 4931 318 4997 partes
345 4919 560 4996 complectitur.
606 4920 733 4980 Constat
759 4941 797 4980 ex
825 4923 1014 4998 fragmentis,
1041 4941 1119 4998 quaa
1141 4923 1263 4980 suntin
1287 4921 1361 4980 O.1.
1377 4921 1413 4979 L.
1436 4921 1550 4980 vol.Vl

217 5043 247 5080 n.
261 5021 375 5094 23855,
393 5022 440 5080 17.
458 5020 486 5080 8.
502 5043 530 5080 n.
545 5021 647 5082 2393o
662 5022 735 5096 (nisi
749 5023 829 5098 quod
845 5024 984 5082 dextrum
1000 5025 1078 5082 latus
1094 5025 1135 5082 ibi
1151 5025 1296 5082 omissum
1313 5021 1372 5098 est)
1393 5043 1421 5082 n.
1434 5023 1550 5094 23855,

220 5125 268 5182 13.
289 5125 314 5181 l.
332 5123 360 5182 6.
378 5122 461 5181 20.7
484 5144 551 5182 cum
566 5124 634 5182 add.
657 5145 685 5200 p.
703 5124 772 5183 868.
817 5125 901 5199 Quae
924 5127 1092 5202 fragmenta
1114 5145 1192 5184 nunc
1214 5125 1273 5183 alia
1295 5134 1452 5183 servantur
1473 5126 1551 5183 inter

217 5225 352 5302 reposita
374 5226 515 5284 tabularii
538 5227 580 5300 (n.
598 5225 716 5299 23855,
740 5227 786 5285 lt.
807 5228 853 5285 13.
871 5226 951 5286 tul
975 5247 1041 5287 cum
1064 5227 1142 5300 add,
1165 5227 1323 5305 frsgmenti
1347 5247 1374 5284 n.
1393 5225 1509 5298 23855,
1532 5227 1549 5285 6

217 5344 290 5402 pars
312 5327 459 5404 superior,
481 5348 509 5386 n.
526 5326 658 5403 23930),
681 5328 741 5385 alia
762 5329 792 5386 in
816 5328 940 5388 aedibus
963 5337 1207 5388 conservatorum
1228 5328 1322 5387 affixa
1343 5337 1413 5387 sont
1432 5327 1550 5405 p'srieti,
