3654 5990
428 629 502 700 488
886 651 1037 702 numina
1065 650 1299 703 ronrrruunn

428 842 522 883 annos
537 822 630 882 XLII
656 824 783 883 efficitur
804 843 842 882 ex
864 825 994 883 carmine
1016 825 1156 902 septim0;
1184 825 1297 884 vaisse
1318 823 1471 882 mulierem
1494 842 1591 883 annos
1606 823 1709 882 LXII
1730 845 1769 882 ex

427 926 533 984 decimi
561 926 693 1002 vestigiis
714 925 875 986 Kaibelius
902 928 1094 1005 probabiliter
1121 926 1250 1003 collegit.
1292 926 1454 986 Praeterea
1477 927 1538 984 duo
1560 935 1684 984 tantum
1708 927 1768 985 loci

429 1037 510 1100 sunt,
533 1029 569 1087 de
591 1029 698 1104 quibua
719 1030 815 1087 habeo
837 1029 917 1106 quod
939 1029 1056 1100 addam,
1078 1028 1236 1088 formulam
1259 1029 1325 1088 dico
1348 1029 1426 1087 tituli
1448 1029 1577 1104 sepulcri
1601 1029 1706 1106 ipsius
1722 1029 1763 1104 (P

1753 1075 1763 1102 'l

428 1142 457 1190 et
478 1149 554 1207 quae
576 1129 660 1188 titulo
676 1131 751 1189 XIV
771 1132 807 1189 de
829 1131 943 1190 Iunone
966 1133 1115 1208 leguntur.
1150 1131 1191 1189 Et
1213 1132 1251 1190 ad
1272 1131 1354 1191 illam
1377 1130 1455 1207 quod
1478 1132 1581 1190 attinet
1598 1131 1765 1206 Adolphas

426 1232 587 1310 Kiessling
614 1232 732 1309 collega
762 1231 1048 1311 Gryphisvaldensis
1077 1234 1114 1291 de
1144 1233 1237 1292 titulis
1266 1235 1314 1293 his
1341 1234 1540 1310 interrogatus
1570 1251 1631 1292 non
1663 1234 1765 1292 minus.

427 1335 513 1394 docte
552 1353 641 1412 quam
675 1346 761 1393 acute
797 1336 939 1394 iudicavit
972 1336 1043 1393 mihi
1077 1335 1237 1394 Philoxeni
1271 1336 1420 1411 quandam
1453 1336 1586 1412 glossam
1615 1335 1763 1410 (Vulcam

427 1459 455 1516 p.
471 1438 543 1514 147)
569 1435 687 1497 ‘obua:
713 1425 812 1517 ἆμθιξ
838 1435 865 1494 ἐν
892 1425 917 1514 qi
938 1439 995 1494 rain
1017 1439 1119 1520 νεκροῖς
1141 1429 1329 1510 celebrans,
1354 1439 1406 1497 ubi
1431 1439 1557 1496 obuam
1577 1439 1762 1496 vocabulum

427 1549 528 1618 aperte
550 1540 738 1616 peregrinum
760 1542 868 1600 mutari
890 1542 955 1618 ipse
976 1549 1058 1599 vetat
1078 1541 1243 1599 litterarum
1266 1540 1348 1598 ordo.
1381 1541 1418 1598 In
1440 1541 1527 1598 titulo
1549 1549 1650 1598 autem
1670 1561 1761 1598 unum

427 1645 499 1719 quin
517 1642 691 1700 vocabulum
714 1643 753 1700 sit
775 1643 904 1701 dubitari
924 1650 1082 1719 propterea
1104 1643 1214 1718 nequit,
1237 1641 1317 1719 quod
1339 1642 1477 1718 singulae
1498 1641 1616 1701 litterae
1637 1645 1759 1719 punctis

427 1765 487 1805 non
509 1745 666 1805 distinctae
687 1743 864 1821 compendia
879 1744 1038 1802 verborum
1060 1745 1162 1804 nescio
1184 1763 1261 1820 quae
1283 1763 1342 1804 uon
1356 1751 1485 1821 possunt
1498 1745 1664 1803 confluere.
1703 1746 1760 1802 Ita-

427 1867 484 1924 que
516 1867 618 1906 verum
652 1847 763 1906 vidisse
802 1857 873 1924 puto
904 1846 1122 1924 Kiesslingium
1158 1848 1334 1924 videturque
1365 1848 1477 1906 oboos
1509 1847 1537 1904 is
1569 1847 1656 1904 locus
1692 1847 1758 1904 diri.

427 1950 479 2010 ubi
505 1951 602 2022 obuia,
632 1950 662 2008 id
689 1959 736 2009 est
760 1951 883 2027 poculis,
913 1949 1073 2008 libationes
1099 1951 1278 2009 mortuariae
1305 1948 1429 2025 fiunt1).
1472 1951 1509 2008 In
1530 1949 1757 2027 epigrammatis

427 2061 533 2130 quarto
558 2063 588 2112 et
614 2060 701 2112 sexto
728 2053 844 2112 decimo
870 2055 967 2130 ipsum
994 2053 1164 2129 sepulcrum
1191 2051 1333 2128 templum
1357 2051 1533 2128 appellatur.
1554 2083 1596 2092 —
1623 2050 1756 2109 Litterae

427 2157 593 2232 singulares
615 2156 722 2232 quibus
745 2155 851 2214 titulus
874 2154 1022 2214 clauditur
1044 2169 1148 2212 rus-1³
1171 2163 1241 2213 sunt
1262 2173 1300 2212 ex
1323 2173 1577 2224 numerosarum,
1600 2171 1682 2229 quae
1697 2173 1755 2210 cer

426 2266 487 2317 tam
502 2259 776 2335 interpretationem
791 2257 887 2318 adhuc
902 2265 1073 2332 expectant;
1096 2267 1221 2332 possunt
1235 2275 1307 2316 sane
1322 2257 1489 2334 significare
1504 2256 1656 2332 m(aritue)
1674 2256 1753 2330 amu}

426 2360 588 2437 μαθητιῶ),
615 2359 668 2418 sed
695 2359 772 2418 aliae
797 2378 917 2436 quoqne
942 2359 1161 2434 explicationes
1187 2378 1280 2435 aeque
1307 2359 1479 2436 probabiles
1501 2359 1670 2436 excogitari
1694 2377 1753 2435 pot-

427 2473 525 2534 errmt,
554 2473 586 2522 nt
612 2463 648 2520 de
675 2462 757 2521 nulla
783 2464 857 2522 satis
884 2469 1008 2521 constet.
1030 2494 1068 2504 -
1097 2461 1131 2520 In
1157 2462 1287 2520 carmine
1304 2461 1382 2520 XIV
1403 2461 1429 2520 si
1451 2461 1523 2537 quid
1545 2461 1634 2519 video
1654 2476 1753 2519 errant

426 2573 487 2624 tam
515 2566 567 2640 qui
597 2565 634 2623 de
663 2565 817 2641 apotheosi
843 2564 945 2622 nescio
971 2582 1032 2640 qua
1057 2563 1237 2641 Pomptillae
1267 2563 1297 2622 id
1328 2564 1477 2639 accipiunt
1505 2581 1594 2640 quam
1622 2563 1674 2638 qui
1703 2580 1754 2639 pro

426 2668 547 2726 numine
579 2685 686 2725 nomen
719 2667 918 2738 substituunt;
951 2666 1041 2726 immo
1071 2666 1128 2724 hoc
1158 2667 1282 2725 maritus
1314 2665 1385 2724 dicit
1413 2666 1558 2724 Iunonem
1588 2683 1667 2742 qnae
1703 2665 1752 2722 luit

426 2768 604 2844 Pomptillae
637 2770 733 2840 rivae,
768 2768 800 2826 id
832 2777 879 2828 est
909 2769 1037 2846 genium,
1068 2769 1128 2827 iam
1161 2769 1280 2827 numine
1312 2777 1408 2826 morte
1439 2769 1506 2826 eius
1538 2774 1653 2825 mutato
1689 2785 1753 2824 oon-

427 2889 544 2930 versam
567 2888 633 2930 esse
659 2871 691 2929 in
711 2871 855 2930 Iunonem
877 2872 1034 2941 infernam,
1059 2871 1106 2930 rel
1129 2879 1161 2929 ut
1181 2870 1301 2929 brevius
1322 2870 1419 2929 dicam
1440 2869 1549 2928 Iunoni
1570 2871 1750 2928 successisse
1802 2899 1803 2904 κ

426 2974 499 3032 deos
525 2973 640 3032 Manes.
660 3007 701 3017 -
730 2973 924 3050 Pomptillam
953 2981 1051 3032 autem
1080 2992 1148 3031 cum
1175 2973 1300 3031 maritus
1326 2980 1426 3031 narret
1452 2972 1611 3030 devovIsse
1637 2991 1673 3030 se
1700 2991 1750 3046 pro

429 3076 489 3134 vita
510 3077 568 3150 ipsi
591 3076 747 3146 servanda,
769 3077 878 3152 poterit
899 3077 950 3150 qui
971 3076 1052 3134 volet
1073 3076 1148 3134 duos
1169 3093 1293 3153 angues,
1315 3077 1366 3152 qui
1389 3062 1488 3152 supra
1502 3073 1671 3151 sepulerum
1695 3093 1749 3130 cer·

425 3185 545 3248 anatur,
573 3195 751 3254 componere
777 3197 843 3236 eum
867 3179 1035 3237 narratione
1057 3178 1093 3235 de
1115 3178 1163 3237 Ti.
1188 3175 1324 3238 Graccho
1347 3188 1377 3236 et
1400 3196 1492 3235 uxore
1514 3177 1579 3235 eius
1601 3173 1747 3235 Cornelia.
1802 3175 1803 3212 l

427 3281 523 3338 Aiunt
538 3280 626 3352 enim,
649 3288 681 3337 nt
695 3279 771 3338 inter
784 3280 861 3339 alios
877 3278 983 3339 Cicero
998 3281 1089 3339 refert
1111 3280 1162 3356 (de
1178 3281 1235 3338 div.
1254 3281 1281 3352 l,
1299 3280 1346 3352 18,
1363 3280 1427 3355 36),
1451 3277 1622 3339 Gracchum
1638 3279 1746 3337 duobus

389 3433 392 3440 .
425 3383 575 3459 anguibus
591 3383 671 3441 domi
687 3383 909 3460 comprehensis
926 3383 1100 3458 haruspices
1117 3383 1153 3440 de
1168 3401 1204 3440 ea
1218 3402 1250 3441 re
1265 3382 1464 3452 consuluisse3
1479 3383 1531 3458 qui
1547 3400 1614 3439 cum
1629 3398 1744 3458 respon·
1802 3441 1803 3446 .

427 3486 551 3556 dissent,
577 3485 603 3544 si
625 3504 735 3544 marem
756 3485 916 3556 emisisset,
943 3485 1032 3542 uxori
1053 3485 1134 3542 brevi
1157 3491 1290 3561 tempore
1311 3484 1496 3543 moriendum
1519 3501 1594 3553 esse,
1622 3485 1649 3542 si
1670 3483 1745 3541 femi·
1802 3447 1803 3536 l

427 3607 506 3658 nam,
529 3587 598 3663 ipsi,
620 3588 760 3646 feminam
784 3589 921 3646 emisisse
943 3597 974 3645 et
994 3595 1064 3661 post
1083 3605 1195 3664 paucos
1218 3586 1280 3645 dies
1302 3587 1422 3646 obiisse.
1466 3583 1526 3646 Sed
1548 3605 1607 3645 non
1629 3586 1743 3644 deerunt
1802 3541 1803 3598 l

427 3690 563 3749 homines
585 3692 680 3749 severi
708 3692 759 3766 qui
786 3708 898 3767 angues
918 3690 987 3748 illos
1008 3696 1128 3765 cryptae
1150 3689 1316 3764 viperarum
1337 3707 1502 3764 eponymos
1524 3708 1583 3748 uon
1605 3707 1643 3746 ex
1665 3707 1743 3762 pene·

427 3793 553 3853 tralibus
581 3793 654 3851 iuris
682 3793 774 3864 sacri,
807 3793 859 3851 sed
889 3812 926 3851 ex
958 3791 1116 3850 caelatoris
1147 3791 1216 3850 lusu
1248 3792 1392 3867 originem
1420 3792 1537 3850 trahere
1564 3790 1741 3856 contendant,

427 3896 588 3974 prudenter
609 3913 682 3954 sane
704 3913 722 3952 a
743 3895 890 3972 profunda
912 3894 1047 3954 doctrina
1069 3893 1126 3951 sibi
1148 3889 1307 3952 caventes'.

510 4100 663 4159 Hactenus
686 4100 897 4160 Mommsenus.
941 4098 1084 4176 Superest
1111 4109 1144 4158 ut
1169 4101 1252 4177 ipsas
1276 4099 1484 4175 inscriptiones
1512 4099 1690 4168 adscribam,
1714 4103 1739 4151 ut

428 4221 480 4264 eas
501 4204 607 4280 excepi
629 4203 763 4262 adiutore
779 4203 972 4262 Mommseno.
1011 4200 1144 4261 Graecas
1165 4209 1306 4278 quattuor
1322 4202 1369 4259 10.
1389 4203 1436 4259 ll.
1454 4203 1501 4259 15.
1522 4200 1558 4259 16
1582 4219 1653 4260 sane
1673 4201 1738 4258 lace

428 4325 478 4366 ras
505 4326 560 4384 ego
588 4306 700 4380 primus
727 4304 834 4364 addidi.
879 4303 991 4364 Omnes
1018 4304 1073 4362 etsi
1101 4322 1197 4379 neque
1224 4304 1261 4361 ab
1284 4303 1452 4380 argumenti
1474 4303 1619 4361 varietate
1640 4321 1690 4360 nec
1710 4301 1737 4357 ab

428 4409 501 4467 artis
533 4411 717 4486 praestantia
748 4407 998 4478 commendantur,
1032 4415 1130 4466 tamen
1163 4407 1237 4466 satis
1265 4406 1417 4484 singulare
1445 4407 1603 4481 coniugum
1634 4404 1737 4482 pietatis

427 4511 597 4588 exemplum
619 4510 778 4569 nobilitant
800 4517 887 4585 atque
909 4509 1080 4568 inlustrant
1123 4509 1249 4567 Videtur
1270 4519 1369 4566 antem
1391 4507 1556 4585 Pomptilla
1576 4507 1679 4566 Parcis
1698 4524 1736 4561 ex·

428 4614 520 4671 oratis
541 4632 597 4691 pro
613 4612 754 4689 Philippu
769 4613 836 4670 vivo
858 4622 982 4670 mortem
1005 4611 1144 4682 subiisse,
1166 4620 1308 4686 quantum
1331 4610 1450 4686 quidem
1473 4629 1510 4668 ex
1534 4610 1638 4686 templi
1659 4617 1736 4666 strue

429 4724 495 4773 tura
521 4723 550 4773 et
576 4735 615 4774 ex
640 4715 805 4772 litterarum
832 4715 935 4773 formis
961 4715 1102 4792 colligere
1127 4719 1238 4784 ausim,
1265 4714 1397 4771 secundo
1420 4713 1479 4770 lere
1502 4731 1532 4787 p.
1548 4712 1620 4771 Chr.
1635 4731 1663 4770 n.
1684 4727 1735 4766 sae

428 4818 511 4888 culo,
541 4827 575 4875 ut
602 4821 660 4874 ium
690 4817 741 4892 qui
769 4815 909 4876 Cassium
938 4817 1111 4895 Philippum
1140 4807 1178 4875 ex
1206 4817 1276 4874 urbe
1305 4816 1421 4874 exulem
1450 4834 1488 4872 ex
1517 4815 1628 4873 tradita
1653 4829 1734 4870 rerum

428 4919 572 4978 memoria
596 4919 832 4996 investigandum
860 4919 1028 4995 suscipiant
1052 4919 1083 4977 in
1109 4919 1155 4978 his
1182 4918 1405 4996 angustioribus
1432 4917 1619 4975 coniectandi
1643 4915 1733 4974 linibus

430 5040 497 5082 sese
518 5021 669 5081 continere
692 5031 836 5098 oporteat.
872 5022 908 5079 In
923 5021 1113 5080 restituendis
1136 5030 1166 5078 et
1188 5021 1346 5098 explendis
1368 5019 1548 5078 carminibus
1563 5017 1677 5078 Latinis
1691 5031 1732 5072 nus

429 5125 543 5185 adiuvit
557 5124 634 5183 inter
649 5123 725 5182 alios
740 5123 921 5183 Franciscus
936 5122 1117 5194 Buecheler3
1142 5121 1260 5182 Graeca
1278 5122 1407 5182 restituit
1422 5119 1572 5198 Georgius
1586 5119 1731 5181 Kartera.

526 5291 549 5354 ¹)
577 5293 714 5358 Inscriptio
733 5294 861 5343 Africana
878 5295 928 5344 vol.
943 5294 1010 5346 VIII
1029 5310 1055 5344 n.
1070 5293 1153 5344 2475:
1179 5290 1234 5342 obla
1254 5291 1285 5342 P.
1305 5291 1381 5354 Mula)
1404 5289 1568 5342 rllncedonia:
1588 5289 1672 5352 misul)
1689 5287 1731 5341 ⁰2¹⁵·

430 5385 486 5445 nos)
505 5381 600 5434 XXX:
619 5385 711 5452 capulo
722 5384 800 5451 sacta
810 5385 912 5451 fratrea
923 5387 1004 5454 spelm
1017 5403 1078 5437 num
1090 5385 1140 5437 huc
1153 5386 1213 5436 item
1226 5387 1360 5450 pertineat,
1381 5385 1484 5450 ambigo
1498 5399 1583 5451 neque
1596 5399 1626 5434 ea
1638 5379 1731 5434 lectione

431 5477 491 5528 satia
510 5485 593 5528 certae
613 5485 658 5528 est.
