3654 5990
447 1805 530 1917 llll
567 1801 827 1916 tumltu
865 1802 1260 1915 POMPTILLAll
1298 1801 1694 1916 MONVlllllNTO

870 1975 1264 2089 CALARITANO

988 2183 1150 2236 SCRIPSIT

801 2326 1117 2410 VINCENTIVS
1148 2327 1340 2410 CRESPI.

405 2697 465 2853 Ia
488 2813 596 2874 magno
618 2795 872 2854 nobilissimorum
896 2805 1152 2855 monumentorum
1175 2815 1310 2867 numero,
1336 2814 1413 2872 quaa
1435 2815 1474 2854 ex
1497 2806 1595 2856 vetere
1618 2799 1733 2875 imperii

407 2899 535 2958 Romani
567 2899 788 2976 magnificentia
817 2899 920 2956 relicta
950 2917 1004 2956 nec
1033 2917 1193 2974 perversae
1221 2899 1374 2976 religionis
1403 2899 1486 2957 furor
1514 2919 1569 2958 nec
1598 2901 1733 2959 fortunae

407 3019 496 3060 casus
517 3019 614 3078 nsque
635 3000 745 3076 impiae
767 3001 971 3077 imperitorum
994 3019 1100 3059 manus
1123 3003 1164 3059 ita
1186 3000 1285 3059 delere
1307 3011 1481 3077 potuerunt,
1509 3003 1623 3060 nullum
1647 3005 1731 3062 vesti·

407 3105 488 3181 gium
520 3112 552 3160 ut
580 3111 762 3179 superesset,
792 3121 851 3160 non
882 3103 1016 3161 ultimum
1047 3121 1119 3161 sane
1147 3103 1246 3161 locum
1274 3103 1386 3162 obtinet
1414 3104 1526 3162 Atiliae
1555 3104 1732 3183 Pomptillae
1805 3109 1806 3150 t

408 3206 575 3282 sepulcrum
603 3204 683 3280 quod
709 3223 801 3280 prope
827 3203 959 3263 Calarim
982 3202 1138 3263 Sardiniae
1166 3206 1267 3264 urbem
1295 3214 1446 3264 servatum
1474 3225 1528 3281 per
1554 3207 1656 3284 populi
1684 3227 1733 3265 ore

408 3327 485 3367 nunc
511 3304 635 3365 ‘antrum
664 3303 838 3382 viperarum’
867 3306 914 3382 (la
934 3317 1028 3382 protta
1050 3307 1122 3366 delle
1143 3309 1251 3384 cipere)
1281 3317 1412 3366 vocatur.
1456 3309 1504 3367 Ad
1532 3309 1609 3366 viam
1638 3310 1732 3378 situm,

409 3429 486 3486 quae
509 3428 562 3484 per
583 3408 679 3466 vicum
702 3410 753 3485 qui
776 3407 806 3470 S.
828 3409 1003 3468 Avendrace
1025 3427 1103 3467 nunc
1125 3410 1295 3486 appellatur
1317 3409 1410 3482 ducit,
1437 3429 1475 3468 ex
1498 3411 1567 3468 riva
1588 3430 1662 3487 rupe
1684 3433 1732 3470 ex-

408 3514 502 3571 cisum
525 3529 590 3570 cum
613 3511 679 3568 aliis
701 3511 800 3570 multis
823 3511 949 3569 cameris
972 3511 1202 3589 sepulcralibus‚
1225 3513 1254 3570 in
1277 3511 1378 3590 templi
1400 3511 1472 3570 olim
1493 3513 1622 3588 speciem
1644 3513 1730 3572 fabri·

410 3625 508 3674 catum
530 3621 725 3690 ornatumque
747 3631 926 3692 quamquam
949 3613 1075 3688 pristino
1097 3614 1156 3672 iam
1178 3625 1260 3672 caret
1281 3623 1387 3673 ornatu
1406 3614 1555 3690 cultuque,
1578 3625 1676 3673 tamea
1693 3617 1730 3674 in·

409 3716 586 3792 scriptiones
609 3725 638 3774 et
657 3714 772 3775 Graece
795 3723 823 3772 et
840 3714 947 3774 Latine
969 3715 1132 3792 parietibus
1154 3716 1321 3793 insculptae
1343 3715 1505 3775 effecerunt
1527 3727 1559 3774 ut
1581 3737 1648 3775 cum
1668 3718 1731 3774 inde

411 3821 449 3877 ab
471 3817 608 3896 proximo
631 3818 750 3876 saeculo
772 3817 907 3876 homines
931 3818 1116 3892 antiquitatis
1139 3818 1267 3877 studiosi
1283 3819 1399 3878 animos
1413 3836 1449 3876 eo
1465 3819 1660 3878 attendissent
1674 3839 1730 3877 cre

411 3921 540 3979 berrima
565 3921 645 3978 fama
671 3919 708 3978 ad
734 3920 811 3977 hunc
839 3937 933 3995 usque
955 3920 1032 3977 diem
1056 3919 1236 3978 celebratum
1258 3920 1305 3978 sit.
1350 3919 1415 3998 Ego
1439 3938 1524 3992 vero,
1551 3921 1598 3980 cui
1621 3940 1730 3978 sommo

412 4042 476 4080 oum
504 4021 658 4081 commodo
684 4032 774 4098 atque
800 4023 860 4080 otio
888 4022 1016 4099 sepulcri
1042 4031 1071 4080 et
1093 4023 1179 4080 situm
1202 4031 1231 4078 et
1253 4029 1388 4080 naturam
1411 4023 1583 4080 examinare
1604 4023 1731 4081 licuisset

413 4143 467 4184 nec
495 4124 567 4182 nihil
593 4125 665 4182 milri
688 4123 848 4202 profecisse
871 4125 987 4184 viderer
1009 4141 1075 4181 cum
1098 4124 1340 4199 inscriptionibus
1363 4124 1411 4182 vel
1432 4124 1518 4182 novis
1540 4126 1666 4201 repertis
1687 4125 1730 4182 rel

411 4246 487 4303 quae
518 4235 602 4284 erant
632 4238 765 4303 repertae
797 4226 892 4284 denuo
922 4225 1023 4297 lectis,
1056 4233 1117 4283 tum
1149 4226 1301 4284 aediculae
1330 4225 1464 4303 reliquiis
1493 4229 1660 4286 accuratius
1687 4229 1730 4284 de

412 4329 546 4406 seriptis,
574 4347 682 4404 operae
709 4329 835 4405 pretium
863 4327 937 4386 duxi
963 4347 1009 4386 me
1034 4327 1180 4386 facturum
1210 4329 1236 4386 si
1264 4328 1445 4404 Pomptillae
1473 4328 1631 4388 deiunctae
1659 4331 1729 4405 piam

411 4433 468 4490 hoc
489 4432 555 4490 loco
578 4431 749 4490 memoriam
770 4431 942 4489 recolerem.

494 4533 531 4591 ln
558 4533 653 4592 fronte
679 4533 769 4610 igitur
795 4532 949 4592 aediculae
975 4532 1050 4590 duae
1061 4532 1089 4608 ¹)
1117 4541 1202 4591 erant
1222 4533 1393 4606 columnae,
1419 4551 1546 4609 quarum
1568 4553 1633 4593 cum
1655 4535 1728 4611 ipsae

413 4637 555 4711 perierint
580 4635 779 4711 capitulorum
806 4636 972 4711 fragmenta
1001 4643 1143 4713 superant
1165 4635 1277 4693 formae
1299 4635 1467 4706 Romanam
1496 4637 1645 4712 utrimque
1665 4653 1728 4694 reru

412 4738 508 4796 adhuc
535 4747 640 4795 extant
667 4737 801 4814 singulae
832 4745 1016 4812 parastatae,
1049 4738 1157 4812 quibus
1185 4737 1354 4815 epistylium
1383 4737 1520 4796 innititur
1546 4739 1676 4814 zophoro
1702 4749 1729 4792 at

411 4840 455 4898 ita
480 4840 576 4897 dicam
603 4849 735 4912 auctum,
763 4839 814 4916 qui
840 4838 968 4914 undique
995 4857 1048 4896 ora
1073 4840 1185 4898 cinctus
1208 4838 1332 4916 guttulis
1354 4839 1495 4898 distincta
1515 4841 1630 4899 medius
1651 4858 1728 4898 oras·

414 5009 617 5017 ———-—

490 5130 514 5192 ¹)
541 5131 668 5193 Quattuor
690 5131 768 5180 tuisse
787 5132 954 5182 Lamarmora
976 5131 1055 5192 dixit3
1080 5131 1126 5181 sed
1150 5147 1202 5181 non
1227 5131 1336 5196 amplius
1361 5131 1460 5181 duabus
1485 5131 1570 5182 locum
1592 5148 1646 5183 esse
1663 5133 1723 5180 testis

415 5225 530 5274 oculatus
557 5224 674 5272 adfirmo.
711 5223 903 5273 Parastatarum
926 5231 951 5272 et
976 5223 1152 5273 columnarum
1177 5223 1287 5289 capitula
1311 5225 1377 5273 inter
1401 5239 1427 5272 se
1446 5225 1600 5274 confudisse
1626 5225 1724 5274 ridetur:

413 5323 557 5381 parastatae
577 5315 645 5366 enim
665 5317 740 5365 unius
759 5317 898 5380 capitulum
918 5317 994 5367 etism
1014 5331 1081 5367 nnnc
1101 5325 1214 5381 superest
1234 5315 1352 5381 epistylio
1372 5316 1488 5366 allisum.
