3654 5990
418 612 492 684 486
878 634 1030 685 xrmrxu
1057 635 1294 688 rourrmnxu

415 816 531 885 gratum
559 826 605 866 me
632 808 779 867 iacturum
804 817 878 888 puto
905 811 932 869 si
958 829 1033 886 quae
1061 810 1097 868 de
1119 811 1197 868 antri
1219 810 1346 868 historia
1366 816 1397 868 et
1417 817 1526 867 natura
1544 808 1628 868 lama
1651 827 1741 886 popu·

414 909 478 968 lum
504 917 604 968 teneat
630 929 798 969 narravero.
843 911 977 971 Credunt
1004 921 1102 970 autem
1130 913 1294 988 antiquitus
1322 910 1481 970 Herculem
1510 929 1610 988 regem
1642 921 1742 987 potsu-

416 1012 566 1070 tissimum
588 1032 654 1072 cum
676 1014 742 1089 ipse
764 1014 795 1070 in
817 1014 878 1073 alia
898 1015 966 1074 loca
987 1016 1129 1093 migraret
1149 1014 1284 1090 ingentes
1307 1032 1378 1073 suas
1401 1013 1521 1072 divitias
1541 1013 1603 1072 illie
1623 1014 1740 1072 relictas

414 1115 551 1174 daemoni
580 1116 695 1174 cuidam
723 1116 932 1176 custodiendae
960 1115 1134 1187 tradidisse,
1161 1116 1208 1174 cui
1235 1115 1334 1173 media
1355 1123 1442 1174 nocte
1463 1115 1633 1174 hominibus
1656 1115 1740 1173 aliem

414 1216 483 1274 aliis
520 1217 655 1294 corporis
686 1218 814 1277 formam
847 1219 949 1277 induto
982 1219 1077 1277 oculis
1110 1217 1281 1277 ardentibus
1314 1237 1487 1295 comparere
1519 1217 1620 1276 datum
1656 1228 1738 1276 esset

414 1316 539 1378 Summa
560 1331 657 1378 autem
681 1319 835 1396 diligentia
855 1340 922 1378 eum
946 1321 1062 1398 vigilias
1085 1338 1188 1396 agere,
1212 1339 1277 1378 oum
1301 1320 1327 1378 si
1348 1320 1395 1378 cui
1418 1320 1590 1378 thesaurum
1613 1320 1739 1396 diripere

414 1421 602 1499 contigisset,
629 1422 689 1497 ipsi
715 1423 807 1481 iatum
833 1438 914 1482 esset
935 1423 1086 1500 exstingui
1108 1433 1138 1480 et
1162 1422 1198 1479 ad
1221 1421 1346 1480 nihilum
1367 1422 1510 1480 recidere.
1553 1421 1738 1497 Quicumque

413 1542 485 1581 vero
508 1533 607 1582 tantae
629 1524 672 1582 rei
694 1526 854 1600 pericolum
877 1526 997 1583 iecisset
1019 1526 1045 1583 si
1067 1525 1104 1582 ad
1127 1525 1225 1600 ipsum
1243 1543 1302 1600 quo
1319 1523 1440 1582 divitiae
1455 1524 1625 1583 reconditae
1642 1537 1738 1584 essent

412 1625 511 1684 locum
537 1627 735 1703 pervenisset,
763 1627 791 1685 ei
816 1627 891 1685 duas
917 1627 1043 1703 proponi
1069 1645 1153 1685 areas
1179 1627 1277 1685 forma
1298 1628 1376 1686 inter
1397 1643 1431 1686 se
1453 1625 1623 1685 simillimas
1647 1627 1737 1704 optio

413 1745 539 1802 nemque
561 1729 626 1786 dari
648 1738 743 1787 utram
765 1730 873 1805 aperiri
896 1729 1002 1798 vellet3
1029 1728 1138 1805 quodsi
1159 1728 1282 1788 alteram
1306 1728 1518 1804 significasset,
1543 1728 1575 1787 in
1596 1747 1660 1804 qna
1681 1730 1738 1786 tbe·

413 1847 520 1889 saurus
543 1849 601 1888 non
624 1839 711 1903 esset,
733 1831 803 1888 ilico
824 1831 929 1908 ingens
952 1830 1170 1889 mortiferarum
1191 1840 1379 1889 monstrosae
1398 1831 1611 1907 magnitudinis
1626 1850 1736 1890 musca·

411 1951 477 1990 rum
499 1951 624 1990 examen
647 1934 806 2006 exiturum,
829 1951 905 2008 quae
928 1940 957 1990 et
978 1933 1074 2009 ipsum
1094 1942 1125 1991 et
1143 1950 1245 1992 omnes
1261 1933 1325 1992 eius
1339 1932 1470 2011 regionis
1485 1933 1602 1992 incolas
1619 1951 1735 2010 pessum

412 2033 511 2092 daret:
538 2034 684 2093 interdum
712 2037 810 2113 ipsum
839 2036 977 2094 bombum
1006 2036 1223 2111 stridoremque
1250 2053 1421 2094 muscarum
1447 2054 1485 2092 ex
1513 2036 1591 2094 antri
1618 2035 1735 2094 latebris

410 2136 522 2214 percipi
545 2145 573 2194 et
593 2137 700 2196 audiri.
745 2135 830 2210 Quae
851 2137 953 2196 fabula
975 2139 1012 2196 ed
1034 2138 1113 2196 hunc
1134 2156 1229 2212 usque
1252 2137 1330 2195 diem
1353 2138 1474 2196 obtinet.

495 2239 674 2314 l'omptillae
700 2239 828 2314 sepulcri
853 2239 1063 2314 inscriptiones
1086 2251 1245 2316 antequam
1268 2258 1418 2315 propono,
1444 2239 1616 2298 adscribere
1643 2241 1735 2298 visum

411 2349 458 2400 est
479 2341 661 2416 epigramma
679 2341 741 2400 fere
760 2342 884 2418 aequale
900 2351 929 2399 et
943 2343 1040 2416 ipsum
1057 2341 1125 2400 vivo
1140 2359 1214 2400 saxo
1229 2341 1408 2418 insculptum
1424 2341 1455 2400 in
1471 2342 1611 2418 contiguo
1629 2353 1661 2399 ut
1675 2341 1734 2399 dixi

411 2442 526 2519 Berylli
547 2444 722 2516 conditorio,
745 2443 825 2518 quod
840 2453 868 2500 et
882 2444 978 2520 ipsum
999 2443 1101 2502 tabule
1121 2451 1334 2520 repraesentat.
1371 2443 1403 2502 Is
1426 2442 1531 2501 titulus
1553 2443 1624 2502 licet
1646 2445 1734 2502 cuivis

406 2554 512 2622 ,pateat
525 2546 680 2621 expositus
696 2545 725 2605 in
740 2545 807 2604 loco
822 2546 897 2604 sotis
913 2546 1033 2616 celebri,
1057 2545 1250 2604 nihilominus
1271 2565 1338 2604 cum
1360 2545 1439 2605 lectu
1458 2544 1591 2603 difficilis
1614 2547 1665 2614 sit,
1686 2545 1734 2603 ad·
1798 2583 1799 2624 ,

410 2648 467 2706 huc
481 2648 611 2706 ineditus
627 2649 747 2707 mansit.
783 2647 870 2724 Legit
885 2668 951 2708 eum
967 2649 1079 2723 primus
1099 2649 1150 2722 qui
1170 2657 1240 2706 ante
1261 2647 1376 2723 aliquot
1396 2665 1493 2706 anuos
1510 2644 1643 2706 Calarim
1664 2649 1734 2706 adiit
1798 2685 1799 2690 Β

410 2747 561 2808 Henricus
582 2749 747 2821 Nissenus;
777 2759 845 2825 post
873 2770 939 2809 eum
969 2769 1025 2828 ego
1052 2759 1163 2826 quante
1190 2749 1272 2824 potui
1300 2768 1372 2808 cura
1398 2768 1465 2808 eum
1494 2749 1613 2825 excepi;
1643 2769 1733 2826 nuper
1798 2733 1799 2790 Ῑ

409 2851 615 2911 Mommsenus
644 2853 758 2912 nostris
786 2853 930 2928 exemplis
958 2870 1028 2912 usus
1058 2861 1150 2910 totum
1179 2869 1247 2910 eum
1273 2850 1539 2928 expetivisset
1564 2861 1662 2912 autem
1691 2852 1732 2910 sic
1798 2901 1799 2924 ,

410 2962 582 3029 conceptus:

1377 3090 1465 3133 mera·
1476 3091 1516 3132 r·
1528 3090 1580 3134 viu

700 3053 908 3236 mm
1099 3195 1217 3237 seritur
1279 3177 1339 3218 ⁰⁶⁶¹*-
1284 3193 1497 3302 mamm
1512 3193 1612 3236 sarrs

974 3295 1361 3379 Upotffiltls

726 3431 775 3468 cup,
814 3415 983 3459 sssxttvs
1007 3417 1039 3459 SE
1060 3417 1126 3460 nalo
1150 3417 1316 3460 TEMPLVM·
1309 3415 1496 3458 ·sseetttrart
1519 3415 1592 3458 SVAE

408 3809 470 3870 Sub
493 3830 528 3869 eo
550 3811 635 3869 titulo
658 3812 765 3870 litteris
788 3811 853 3870 aevi
877 3813 1024 3888 sequioris
1047 3815 1120 3873 alter
1142 3815 1271 3890 scriptus
1294 3821 1339 3873 est
1361 3815 1421 3872 bie:

1026 4015 1046 4056 1>
1088 4018 1114 4058 rc

879 4118 1054 4161 vetantes
1082 4119 1173 4174 ομ.
1199 4119 1259 4161 vix

880 4219 974 4262 ΑΝΝιΒ
989 4221 1068 4262 xxxx
1083 4220 1189 4264 corvos
1203 4223 1219 4263 Β
1234 4223 1259 4263 rc

903 4321 1039 4364 maritvs
1061 4321 1146 4364 rscrr

406 4493 454 4552 De
482 4495 519 4552 iis
541 4495 592 4569 qui
614 4494 795 4573 Pomptillae
817 4494 919 4552 titulos
942 4501 1011 4551 ante
1032 4511 1078 4550 me
1101 4493 1323 4570 descripserunt
1344 4493 1537 4553 edideruntve
1560 4495 1605 4552 sic
1626 4493 1663 4552 ad
1682 4513 1719 4551 me

407 4597 526 4672 scripsit
546 4596 765 4655 Mommsenus:

488 4694 547 4756 ‘Tu
569 4700 711 4773 quoniam
734 4699 794 4757 scis
818 4718 910 4776 nuper
932 4718 979 4755 me
1000 4697 1121 4774 egregio
1144 4707 1195 4754 tuo
1217 4697 1364 4756 adiutorio
1387 4697 1433 4756 rel
1449 4697 1580 4756 maxime
1596 4698 1719 4758 sublem-

406 4809 467 4858 tum
493 4801 664 4858 thesaurum
687 4800 847 4860 Sardarunr
874 4800 1102 4876 inscriptionum
1131 4807 1271 4874 quantum
1298 4800 1361 4858 fieri
1387 4805 1487 4876 potest
1513 4801 1718 4878 amplissimum

405 4903 610 4978 composuisse
631 4903 776 4960 edendum
799 4901 959 4979 aliquando
984 4902 1015 4958 in
1038 4899 1180 4976 Corporis
1202 4900 1427 4978 inscriptionum
1450 4900 1628 4960 Latinarum
1650 4902 1720 4962 rolu-

406 5005 486 5063 mine
515 5003 643 5075 decimo,
675 5005 734 5062 iam
762 5006 866 5063 horum
895 5005 1045 5062 titulorum
1074 5003 1289 5080 descriptorum
1318 5003 1521 5079 editorumque
1550 5005 1718 5064 ordineme

405 5127 453 5166 me
474 5107 620 5184 explicari
641 5107 778 5178 voluisti,
807 5116 920 5164 uttam
942 5115 992 5164 tua
1013 5105 1067 5163 tibi
1089 5104 1214 5163 referam
1236 5124 1325 5182 quam
1348 5106 1408 5163 aliu
1429 5123 1550 5182 quoque
1572 5107 1717 5185 adiungam

405 5207 535 5267 fortasse
558 5231 576 5267 a
598 5229 643 5268 me
665 5209 774 5267 addita.
818 5209 858 5266 Et
879 5209 991 5283 primus
1013 5207 1148 5283 quidem,
1170 5207 1222 5283 qui
1243 5208 1340 5284 ipsius
1362 5219 1440 5266 certe
1462 5209 1593 5283 sepulcri
1613 5209 1716 5268 titulum

407 5311 545 5372 maximis
572 5311 679 5370 litteris
706 5312 902 5388 perscriptum
928 5319 957 5369 et
983 5310 1077 5368 cuivis
1101 5311 1292 5386 perspicuum
1313 5311 1436 5384 referat,
1458 5307 1612 5370 Carmena
1634 5317 1719 5369 reete

1798 2927 1799 3000 l

1798 3011 1799 3054 t

1798 3079 1799 3160 l

530 3519 673 3563 rvrutvs
814 3516 868 3559 stet
899 3517 983 3561 sectr
1063 3519 1267 3576 eosrsxrsoys
1311 3517 1372 3562 svis
