<?xml version="1.0" encoding="UTF-8"?>
<!DOCTYPE html PUBLIC "-//W3C//DTD XHTML 1.0 Transitional//EN"
    "http://www.w3.org/TR/xhtml1/DTD/xhtml1-transitional.dtd">
<html xmlns="http://www.w3.org/1999/xhtml" xml:lang="en" lang="en">
 <head>
  <title>
</title>
<meta http-equiv="Content-Type" content="text/html;charset=utf-8" />
  <meta name='ocr-system' content='tesseract 3.04.00' />
  <meta name='ocr-capabilities' content='ocr_page ocr_carea ocr_par ocr_line ocrx_word'/>
</head>
<body>
  <div class='ocr_page' id='page_1' title='image "./ephemerisepigra04henzgoog/ephemerisepigra04henzgoog_0539.png"; bbox 0 0 3654 5990; ppageno 0'>
   <div class='ocr_carea' id='block_1_1' title="bbox 428 595 1175 668">
    <p class='ocr_par' dir='ltr' id='par_1_1' title="bbox 428 595 1175 668">
     <span class='ocr_line' id='line_1_1' title="bbox 428 595 1175 668; baseline 0 -2"><span class='ocrx_word' id='word_1_1' title='bbox 428 595 499 666; x_wconf 74' lang='lat'>522</span> <span class='ocrx_word' id='word_1_2' title='bbox 992 613 1175 668; x_wconf 84' lang='lat' dir='ltr'>uouusrn</span> 
     </span>
    </p>
   </div>
   <div class='ocr_carea' id='block_1_2' title="bbox 423 781 1802 4440">
    <p class='ocr_par' dir='ltr' id='par_1_2' title="bbox 423 781 1802 4440">
     <span class='ocr_line' id='line_1_2' title="bbox 423 781 1796 866; baseline -0.001 -20"><span class='ocrx_word' id='word_1_3' title='bbox 423 787 517 846; x_wconf 88' lang='lat' dir='ltr'>Italia</span> <span class='ocrx_word' id='word_1_4' title='bbox 540 788 657 864; x_wconf 87' lang='lat' dir='ltr'>reliqua</span> <span class='ocrx_word' id='word_1_5' title='bbox 681 797 710 848; x_wconf 87' lang='lat' dir='ltr'>et</span> <span class='ocrx_word' id='word_1_6' title='bbox 735 787 880 866; x_wconf 83' lang='lat' dir='ltr'>imprimis</span> <span class='ocrx_word' id='word_1_7' title='bbox 907 788 977 848; x_wconf 89' lang='lat' dir='ltr'>urbs</span> <span class='ocrx_word' id='word_1_8' title='bbox 1003 787 1099 848; x_wconf 72' lang='lat' dir='ltr'>licum</span> <span class='ocrx_word' id='word_1_9' title='bbox 1125 787 1271 846; x_wconf 86' lang='lat' dir='ltr'>eiusmodi</span> <span class='ocrx_word' id='word_1_10' title='bbox 1292 785 1471 865; x_wconf 86' lang='lat' dir='ltr'>cognomina</span> <span class='ocrx_word' id='word_1_11' title='bbox 1490 787 1604 845; x_wconf 81' lang='lat' dir='ltr'>maiore</span> <span class='ocrx_word' id='word_1_12' title='bbox 1625 804 1728 844; x_wconf 78' lang='lat' dir='ltr'>nummo</span> <span class='ocrx_word' id='word_1_13' title='bbox 1795 781 1796 806; x_wconf 63' lang='lat'>¹</span> 
     </span>
     <span class='ocr_line' id='line_1_3' title="bbox 426 887 1729 967; baseline -0.003 -19"><span class='ocrx_word' id='word_1_14' title='bbox 426 890 638 967; x_wconf 80' lang='lat' dir='ltr'>suppeditabit,</span> <span class='ocrx_word' id='word_1_15' title='bbox 665 899 697 948; x_wconf 85' lang='lat' dir='ltr'>at</span> <span class='ocrx_word' id='word_1_16' title='bbox 722 909 780 950; x_wconf 92' lang='lat' dir='ltr'>non</span> <span class='ocrx_word' id='word_1_17' title='bbox 808 890 847 950; x_wconf 95' lang='lat' dir='ltr'>ob</span> <span class='ocrx_word' id='word_1_18' title='bbox 872 891 962 949; x_wconf 88' lang='lat' dir='ltr'>aliam</span> <span class='ocrx_word' id='word_1_19' title='bbox 990 909 1109 950; x_wconf 88' lang='lat' dir='ltr'>causam</span> <span class='ocrx_word' id='word_1_20' title='bbox 1137 891 1167 948; x_wconf 92' lang='lat' dir='ltr'>ui</span> <span class='ocrx_word' id='word_1_21' title='bbox 1189 890 1278 948; x_wconf 87' lang='lat' dir='ltr'>fallor</span> <span class='ocrx_word' id='word_1_22' title='bbox 1297 907 1385 965; x_wconf 88' lang='lat' dir='ltr'>quem</span> <span class='ocrx_word' id='word_1_23' title='bbox 1407 888 1487 964; x_wconf 90' lang='lat' dir='ltr'>quod</span> <span class='ocrx_word' id='word_1_24' title='bbox 1509 887 1630 946; x_wconf 84' lang='lat' dir='ltr'>labente</span> <span class='ocrx_word' id='word_1_25' title='bbox 1651 897 1729 944; x_wconf 67' lang='lat' dir='ltr'>mute</span> 
     </span>
     <span class='ocr_line' id='line_1_4' title="bbox 426 988 1730 1070; baseline -0.003 -20"><span class='ocrx_word' id='word_1_26' title='bbox 426 990 494 1050; x_wconf 78' lang='lat' dir='ltr'>Afri</span> <span class='ocrx_word' id='word_1_27' title='bbox 521 992 655 1051; x_wconf 89' lang='lat' dir='ltr'>bomincs</span> <span class='ocrx_word' id='word_1_28' title='bbox 686 993 825 1069; x_wconf 83' lang='lat' dir='ltr'>permulti</span> <span class='ocrx_word' id='word_1_29' title='bbox 856 993 885 1049; x_wconf 92' lang='lat' dir='ltr'>iu</span> <span class='ocrx_word' id='word_1_30' title='bbox 914 992 1034 1051; x_wconf 86' lang='lat' dir='ltr'>Italiam</span> <span class='ocrx_word' id='word_1_31' title='bbox 1062 993 1339 1070; x_wconf 80' lang='lat' dir='ltr'>commigraverunt.</span> <span class='ocrx_word' id='word_1_32' title='bbox 1387 988 1447 1050; x_wconf 84' lang='lat' dir='ltr'>Sed</span> <span class='ocrx_word' id='word_1_33' title='bbox 1478 991 1514 1049; x_wconf 86' lang='lat' dir='ltr'>dc</span> <span class='ocrx_word' id='word_1_34' title='bbox 1544 989 1594 1049; x_wconf 86' lang='lat' dir='ltr'>his</span> <span class='ocrx_word' id='word_1_35' title='bbox 1624 989 1730 1048; x_wconf 77' lang='lat' dir='ltr'>viderint</span> 
     </span>
     <span class='ocr_line' id='line_1_5' title="bbox 427 1075 1795 1171; baseline -0.004 -19"><span class='ocrx_word' id='word_1_36' title='bbox 427 1094 536 1171; x_wconf 90' lang='lat' dir='ltr'>quibus</span> <span class='ocrx_word' id='word_1_37' title='bbox 558 1094 658 1152; x_wconf 87' lang='lat' dir='ltr'>datum</span> <span class='ocrx_word' id='word_1_38' title='bbox 684 1095 740 1152; x_wconf 89' lang='lat' dir='ltr'>erit</span> <span class='ocrx_word' id='word_1_39' title='bbox 765 1094 806 1152; x_wconf 90' lang='lat' dir='ltr'>uti</span> <span class='ocrx_word' id='word_1_40' title='bbox 834 1094 968 1171; x_wconf 80' lang='lat' dir='ltr'>syllogae</span> <span class='ocrx_word' id='word_1_41' title='bbox 989 1103 1110 1153; x_wconf 88' lang='lat' dir='ltr'>nostrae</span> <span class='ocrx_word' id='word_1_42' title='bbox 1131 1093 1277 1152; x_wconf 88' lang='lat' dir='ltr'>indicibus</span> <span class='ocrx_word' id='word_1_43' title='bbox 1299 1093 1422 1164; x_wconf 82' lang='lat' dir='ltr'>futuris3</span> <span class='ocrx_word' id='word_1_44' title='bbox 1451 1110 1506 1152; x_wconf 81' lang='lat' dir='ltr'>nce</span> <span class='ocrx_word' id='word_1_45' title='bbox 1528 1092 1605 1152; x_wconf 84' lang='lat' dir='ltr'>satie</span> <span class='ocrx_word' id='word_1_46' title='bbox 1628 1091 1731 1149; x_wconf 85' lang='lat' dir='ltr'>hebebi-</span> <span class='ocrx_word' id='word_1_47' title='bbox 1794 1075 1795 1086; x_wconf 16' lang='grc' dir='ltr'><strong>ἶ</strong></span> 
     </span>
     <span class='ocr_line' id='line_1_6' title="bbox 427 1191 1732 1273; baseline -0.004 -18"><span class='ocrx_word' id='word_1_48' title='bbox 427 1214 493 1255; x_wconf 89' lang='lat' dir='ltr'>mus</span> <span class='ocrx_word' id='word_1_49' title='bbox 516 1214 605 1254; x_wconf 89' lang='lat' dir='ltr'>unum</span> <span class='ocrx_word' id='word_1_50' title='bbox 628 1214 733 1255; x_wconf 91' lang='lat' dir='ltr'>nomeu</span> <span class='ocrx_word' id='word_1_51' title='bbox 761 1195 866 1254; x_wconf 80' lang='lat' dir='ltr'>afferre</span> <span class='ocrx_word' id='word_1_52' title='bbox 892 1205 1041 1273; x_wconf 87' lang='lat' dir='ltr'>repertum</span> <span class='ocrx_word' id='word_1_53' title='bbox 1067 1197 1098 1255; x_wconf 92' lang='lat' dir='ltr'>iu</span> <span class='ocrx_word' id='word_1_54' title='bbox 1123 1197 1235 1255; x_wconf 87' lang='lat' dir='ltr'>lamina</span> <span class='ocrx_word' id='word_1_55' title='bbox 1257 1195 1400 1254; x_wconf 84' lang='lat' dir='ltr'>Arretina</span> <span class='ocrx_word' id='word_1_56' title='bbox 1420 1193 1514 1271; x_wconf 90' lang='lat' dir='ltr'>(edidi</span> <span class='ocrx_word' id='word_1_57' title='bbox 1534 1213 1602 1254; x_wconf 69' lang='lat' dir='ltr'>um</span> <span class='ocrx_word' id='word_1_58' title='bbox 1623 1193 1653 1252; x_wconf 89' lang='lat' dir='ltr'>iu</span> <span class='ocrx_word' id='word_1_59' title='bbox 1674 1191 1732 1250; x_wconf 82' lang='lat' dir='ltr'>Her·</span> 
     </span>
     <span class='ocr_line' id='line_1_7' title="bbox 429 1295 1797 1374; baseline -0.003 -18"><span class='ocrx_word' id='word_1_60' title='bbox 429 1317 495 1357; x_wconf 86' lang='lat' dir='ltr'>mae</span> <span class='ocrx_word' id='word_1_61' title='bbox 516 1297 609 1356; x_wconf 83' lang='lat' dir='ltr'>vol.4</span> <span class='ocrx_word' id='word_1_62' title='bbox 631 1317 660 1374; x_wconf 93' lang='lat' dir='ltr'>p.</span> <span class='ocrx_word' id='word_1_63' title='bbox 677 1296 751 1373; x_wconf 88' lang='grc'><strong>282)</strong></span> <span class='ocrx_word' id='word_1_64' title='bbox 778 1297 937 1357; x_wconf 81' lang='lat' dir='ltr'>Sallustios</span> <span class='ocrx_word' id='word_1_65' title='bbox 959 1297 1122 1374; x_wconf 67' lang='lat' dir='ltr'>[Venprm</span> <span class='ocrx_word' id='word_1_66' title='bbox 1143 1302 1201 1356; x_wconf 85' lang='lat' dir='ltr'>eice</span> <span class='ocrx_word' id='word_1_67' title='bbox 1223 1297 1422 1373; x_wconf 83' lang='lat' dir='ltr'>Vea[e]ricses,</span> <span class='ocrx_word' id='word_1_68' title='bbox 1448 1301 1591 1374; x_wconf 89' lang='lat' dir='ltr'>quoniam</span> <span class='ocrx_word' id='word_1_69' title='bbox 1615 1295 1681 1354; x_wconf 87' lang='lat' dir='ltr'>iude</span> <span class='ocrx_word' id='word_1_70' title='bbox 1702 1295 1732 1352; x_wconf 93' lang='lat' dir='ltr'>iu-</span> <span class='ocrx_word' id='word_1_71' title='bbox 1796 1297 1797 1328; x_wconf 68' lang='lat' dir='ltr'>l</span> 
     </span>
     <span class='ocr_line' id='line_1_8' title="bbox 428 1398 1733 1476; baseline -0.003 -18"><span class='ocrx_word' id='word_1_72' title='bbox 428 1399 580 1476; x_wconf 85' lang='lat' dir='ltr'>tellegitur</span> <span class='ocrx_word' id='word_1_73' title='bbox 605 1399 661 1457; x_wconf 91' lang='lat' dir='ltr'>boc</span> <span class='ocrx_word' id='word_1_74' title='bbox 685 1401 835 1459; x_wconf 88' lang='lat' dir='ltr'>nominum</span> <span class='ocrx_word' id='word_1_75' title='bbox 862 1418 956 1476; x_wconf 88' lang='lat' dir='ltr'>genus</span> <span class='ocrx_word' id='word_1_76' title='bbox 982 1400 1062 1475; x_wconf 90' lang='lat' dir='ltr'>apud</span> <span class='ocrx_word' id='word_1_77' title='bbox 1087 1399 1183 1459; x_wconf 80' lang='lat' dir='ltr'>Italos</span> <span class='ocrx_word' id='word_1_78' title='bbox 1208 1400 1357 1476; x_wconf 87' lang='lat' dir='ltr'>peregrini</span> <span class='ocrx_word' id='word_1_79' title='bbox 1384 1398 1524 1476; x_wconf 90' lang='lat' dir='ltr'>quiddam</span> <span class='ocrx_word' id='word_1_80' title='bbox 1554 1398 1733 1457; x_wconf 81' lang='lat' dir='ltr'>habuisseet</span> 
     </span>
     <span class='ocr_line' id='line_1_9' title="bbox 427 1500 1704 1580; baseline -0.003 -20"><span class='ocrx_word' id='word_1_81' title='bbox 427 1502 557 1560; x_wconf 84' lang='lat' dir='ltr'>fortasse</span> <span class='ocrx_word' id='word_1_82' title='bbox 579 1519 633 1578; x_wconf 91' lang='lat' dir='ltr'>pro</span> <span class='ocrx_word' id='word_1_83' title='bbox 656 1502 749 1580; x_wconf 89' lang='lat' dir='ltr'>siguis</span> <span class='ocrx_word' id='word_1_84' title='bbox 771 1521 808 1561; x_wconf 88' lang='lat' dir='ltr'>ea</span> <span class='ocrx_word' id='word_1_85' title='bbox 828 1503 924 1580; x_wconf 86' lang='lat' dir='ltr'>magis</span> <span class='ocrx_word' id='word_1_86' title='bbox 947 1502 988 1560; x_wconf 94' lang='lat' dir='ltr'>ibi</span> <span class='ocrx_word' id='word_1_87' title='bbox 1009 1501 1102 1560; x_wconf 82' lang='lat' dir='ltr'>fuisse</span> <span class='ocrx_word' id='word_1_88' title='bbox 1123 1520 1212 1577; x_wconf 83' lang='lat' dir='ltr'>quam</span> <span class='ocrx_word' id='word_1_89' title='bbox 1235 1519 1290 1576; x_wconf 90' lang='lat' dir='ltr'>pro</span> <span class='ocrx_word' id='word_1_90' title='bbox 1311 1501 1454 1580; x_wconf 79' lang='lat' dir='ltr'>legitimis</span> <span class='ocrx_word' id='word_1_91' title='bbox 1476 1500 1704 1576; x_wconf 84' lang='lat' dir='ltr'>cognominibus.</span> 
     </span>
     <span class='ocr_line' id='line_1_10' title="bbox 512 1601 1733 1680; baseline -0.002 -19"><span class='ocrx_word' id='word_1_92' title='bbox 512 1604 547 1660; x_wconf 91' lang='lat' dir='ltr'>Iu</span> <span class='ocrx_word' id='word_1_93' title='bbox 557 1604 662 1662; x_wconf 72' lang='lat' dir='ltr'>dimna</span> <span class='ocrx_word' id='word_1_94' title='bbox 672 1604 762 1680; x_wconf 89' lang='lat' dir='ltr'>igitur</span> <span class='ocrx_word' id='word_1_95' title='bbox 773 1622 830 1663; x_wconf 90' lang='lat' dir='ltr'>non</span> <span class='ocrx_word' id='word_1_96' title='bbox 842 1604 940 1662; x_wconf 90' lang='lat' dir='ltr'>solum</span> <span class='ocrx_word' id='word_1_97' title='bbox 953 1623 972 1662; x_wconf 87' lang='lat' dir='ltr'>a</span> <span class='ocrx_word' id='word_1_98' title='bbox 982 1603 1206 1680; x_wconf 81' lang='lat' dir='ltr'>cognominibus</span> <span class='ocrx_word' id='word_1_99' title='bbox 1218 1603 1345 1675; x_wconf 85' lang='lat' dir='ltr'>usitatis,</span> <span class='ocrx_word' id='word_1_100' title='bbox 1358 1614 1390 1662; x_wconf 91' lang='lat' dir='ltr'>ut</span> <span class='ocrx_word' id='word_1_101' title='bbox 1400 1611 1470 1662; x_wconf 89' lang='lat' dir='ltr'>suut</span> <span class='ocrx_word' id='word_1_102' title='bbox 1480 1601 1582 1676; x_wconf 83' lang='lat' dir='ltr'>Felix,</span> <span class='ocrx_word' id='word_1_103' title='bbox 1595 1601 1733 1665; x_wconf 72' lang='lat' dir='ltr'>Maximus,</span> 
     </span>
     <span class='ocr_line' id='line_1_11' title="bbox 430 1703 1734 1784; baseline -0.005 -20"><span class='ocrx_word' id='word_1_104' title='bbox 430 1705 565 1778; x_wconf 89' lang='lat' dir='ltr'>Primus,</span> <span class='ocrx_word' id='word_1_105' title='bbox 588 1705 751 1778; x_wconf 87' lang='lat' dir='ltr'>Proculus,</span> <span class='ocrx_word' id='word_1_106' title='bbox 773 1704 928 1778; x_wconf 89' lang='lat' dir='ltr'>Urbanus,</span> <span class='ocrx_word' id='word_1_107' title='bbox 952 1705 1096 1764; x_wconf 87' lang='lat' dir='ltr'>seditem</span> <span class='ocrx_word' id='word_1_108' title='bbox 1119 1725 1135 1763; x_wconf 88' lang='lat' dir='ltr'>e</span> <span class='ocrx_word' id='word_1_109' title='bbox 1158 1705 1418 1784; x_wconf 81' lang='lat' dir='ltr'>praenominibus,</span> <span class='ocrx_word' id='word_1_110' title='bbox 1441 1715 1476 1764; x_wconf 89' lang='lat' dir='ltr'>ut</span> <span class='ocrx_word' id='word_1_111' title='bbox 1497 1713 1567 1764; x_wconf 86' lang='lat' dir='ltr'>suut</span> <span class='ocrx_word' id='word_1_112' title='bbox 1589 1703 1697 1762; x_wconf 84' lang='lat' dir='ltr'>Lucius</span> <span class='ocrx_word' id='word_1_113' title='bbox 1713 1715 1734 1759; x_wconf 87' lang='lat' dir='ltr'>et</span> 
     </span>
     <span class='ocr_line' id='line_1_12' title="bbox 432 1805 1735 1884; baseline -0.003 -18"><span class='ocrx_word' id='word_1_114' title='bbox 432 1805 571 1881; x_wconf 87' lang='lat' dir='ltr'>Quintus,</span> <span class='ocrx_word' id='word_1_115' title='bbox 593 1809 821 1884; x_wconf 88' lang='lat' dir='ltr'>gentiliciisque‚</span> <span class='ocrx_word' id='word_1_116' title='bbox 844 1816 876 1866; x_wconf 90' lang='lat' dir='ltr'>ut</span> <span class='ocrx_word' id='word_1_117' title='bbox 898 1817 967 1867; x_wconf 89' lang='lat' dir='ltr'>suot</span> <span class='ocrx_word' id='word_1_118' title='bbox 987 1806 1095 1880; x_wconf 88' lang='lat' dir='ltr'>Iulius,</span> <span class='ocrx_word' id='word_1_119' title='bbox 1115 1807 1255 1881; x_wconf 84' lang='lat' dir='ltr'>Marcius,</span> <span class='ocrx_word' id='word_1_120' title='bbox 1270 1807 1421 1880; x_wconf 86' lang='lat' dir='ltr'>Valerius,</span> <span class='ocrx_word' id='word_1_121' title='bbox 1442 1808 1613 1866; x_wconf 79' lang='lat' dir='ltr'>formantur</span> <span class='ocrx_word' id='word_1_122' title='bbox 1634 1805 1735 1866; x_wconf 82' lang='lat' dir='ltr'>nomine</span> 
     </span>
     <span class='ocr_line' id='line_1_13' title="bbox 430 1909 1735 1986; baseline -0.002 -18"><span class='ocrx_word' id='word_1_123' title='bbox 430 1910 461 1969; x_wconf 91' lang='lat' dir='ltr'>in</span> <span class='ocrx_word' id='word_1_124' title='bbox 483 1929 562 1970; x_wconf 82' lang='lat' dir='ltr'>-osaa</span> <span class='ocrx_word' id='word_1_125' title='bbox 583 1920 614 1968; x_wconf 86' lang='lat' dir='ltr'>st</span> <span class='ocrx_word' id='word_1_126' title='bbox 630 1930 705 1985; x_wconf 84' lang='lat' dir='ltr'>·oau,</span> <span class='ocrx_word' id='word_1_127' title='bbox 731 1911 778 1970; x_wconf 90' lang='lat' dir='ltr'>cui</span> <span class='ocrx_word' id='word_1_128' title='bbox 800 1910 1001 1970; x_wconf 90' lang='lat' dir='ltr'>terminatioui</span> <span class='ocrx_word' id='word_1_129' title='bbox 1023 1928 1082 1970; x_wconf 91' lang='lat' dir='ltr'>uon</span> <span class='ocrx_word' id='word_1_130' title='bbox 1103 1929 1169 1970; x_wconf 85' lang='lat' dir='ltr'>eam</span> <span class='ocrx_word' id='word_1_131' title='bbox 1190 1911 1249 1970; x_wconf 86' lang='lat' dir='ltr'>vim</span> <span class='ocrx_word' id='word_1_132' title='bbox 1272 1909 1458 1970; x_wconf 89' lang='lat' dir='ltr'>tribuendam</span> <span class='ocrx_word' id='word_1_133' title='bbox 1479 1928 1557 1981; x_wconf 84' lang='lat' dir='ltr'>esse,</span> <span class='ocrx_word' id='word_1_134' title='bbox 1585 1929 1673 1986; x_wconf 81' lang='lat' dir='ltr'>quam</span> <span class='ocrx_word' id='word_1_135' title='bbox 1691 1927 1735 1966; x_wconf 82' lang='lat' dir='ltr'>mc·</span> 
     </span>
     <span class='ocr_line' id='line_1_14' title="bbox 430 2011 1799 2090; baseline -0.001 -19"><span class='ocrx_word' id='word_1_136' title='bbox 430 2012 505 2071; x_wconf 89' lang='lat' dir='ltr'>liure</span> <span class='ocrx_word' id='word_1_137' title='bbox 527 2021 624 2072; x_wconf 88' lang='lat' dir='ltr'>aetate</span> <span class='ocrx_word' id='word_1_138' title='bbox 645 2013 675 2071; x_wconf 89' lang='lat' dir='ltr'>in</span> <span class='ocrx_word' id='word_1_139' title='bbox 698 2013 854 2072; x_wconf 87' lang='lat' dir='ltr'>adiectivis</span> <span class='ocrx_word' id='word_1_140' title='bbox 874 2013 1002 2084; x_wconf 87' lang='lat' dir='ltr'>obtinet,</span> <span class='ocrx_word' id='word_1_141' title='bbox 1025 2012 1077 2071; x_wconf 87' lang='lat' dir='ltr'>sed</span> <span class='ocrx_word' id='word_1_142' title='bbox 1099 2012 1329 2090; x_wconf 84' lang='lat' dir='ltr'>hypocoristicis</span> <span class='ocrx_word' id='word_1_143' title='bbox 1350 2013 1449 2088; x_wconf 89' lang='lat' dir='ltr'>potios</span> <span class='ocrx_word' id='word_1_144' title='bbox 1471 2031 1536 2071; x_wconf 85' lang='lat' dir='ltr'>eam</span> <span class='ocrx_word' id='word_1_145' title='bbox 1560 2011 1736 2072; x_wconf 86' lang='lat' dir='ltr'>adnumeran-</span> <span class='ocrx_word' id='word_1_146' title='bbox 1798 2077 1799 2088; x_wconf 40' lang='lat'>,</span> 
     </span>
     <span class='ocr_line' id='line_1_15' title="bbox 431 2093 1799 2192; baseline -0.001 -20"><span class='ocrx_word' id='word_1_147' title='bbox 431 2114 500 2172; x_wconf 88' lang='lat' dir='ltr'>dam</span> <span class='ocrx_word' id='word_1_148' title='bbox 532 2115 600 2173; x_wconf 88' lang='lat' dir='ltr'>iude</span> <span class='ocrx_word' id='word_1_149' title='bbox 633 2114 793 2192; x_wconf 83' lang='lat' dir='ltr'>colligitur,</span> <span class='ocrx_word' id='word_1_150' title='bbox 826 2114 906 2191; x_wconf 89' lang='lat' dir='ltr'>quod</span> <span class='ocrx_word' id='word_1_151' title='bbox 933 2114 1089 2173; x_wconf 86' lang='lat' dir='ltr'>mulierum</span> <span class='ocrx_word' id='word_1_152' title='bbox 1120 2116 1164 2173; x_wconf 89' lang='lat' dir='ltr'>ita</span> <span class='ocrx_word' id='word_1_153' title='bbox 1195 2114 1450 2174; x_wconf 78' lang='lat' dir='ltr'>denominatarum</span> <span class='ocrx_word' id='word_1_154' title='bbox 1481 2133 1626 2174; x_wconf 69' lang='lat' dir='ltr'>nummus</span> <span class='ocrx_word' id='word_1_155' title='bbox 1653 2125 1736 2189; x_wconf 83' lang='lat' dir='ltr'>quater</span> <span class='ocrx_word' id='word_1_156' title='bbox 1798 2093 1799 2124; x_wconf 58' lang='lat'><strong>³</strong></span> 
     </span>
     <span class='ocr_line' id='line_1_16' title="bbox 432 2217 1737 2294; baseline -0.003 -18"><span class='ocrx_word' id='word_1_157' title='bbox 432 2223 532 2276; x_wconf 86' lang='lat' dir='ltr'>tantus</span> <span class='ocrx_word' id='word_1_158' title='bbox 565 2225 612 2276; x_wconf 87' lang='lat' dir='ltr'>est</span> <span class='ocrx_word' id='word_1_159' title='bbox 642 2236 732 2294; x_wconf 90' lang='lat' dir='ltr'>quam</span> <span class='ocrx_word' id='word_1_160' title='bbox 764 2217 905 2277; x_wconf 87' lang='lat' dir='ltr'>virorum.</span> <span class='ocrx_word' id='word_1_161' title='bbox 953 2217 999 2275; x_wconf 87' lang='lat' dir='ltr'>Ea</span> <span class='ocrx_word' id='word_1_162' title='bbox 1025 2225 1125 2276; x_wconf 88' lang='lat' dir='ltr'>eutem</span> <span class='ocrx_word' id='word_1_163' title='bbox 1151 2217 1318 2276; x_wconf 88' lang='lat' dir='ltr'>terminatio</span> <span class='ocrx_word' id='word_1_164' title='bbox 1348 2225 1381 2275; x_wconf 91' lang='lat' dir='ltr'>ut</span> <span class='ocrx_word' id='word_1_165' title='bbox 1412 2225 1499 2276; x_wconf 86' lang='lat' dir='ltr'>extra</span> <span class='ocrx_word' id='word_1_166' title='bbox 1525 2217 1662 2276; x_wconf 83' lang='lat' dir='ltr'>Africam</span> <span class='ocrx_word' id='word_1_167' title='bbox 1687 2231 1737 2272; x_wconf 83' lang='lat' dir='ltr'>rara</span> 
     </span>
     <span class='ocr_line' id='line_1_17' title="bbox 433 2313 1738 2396; baseline -0.005 -18"><span class='ocrx_word' id='word_1_168' title='bbox 433 2330 489 2392; x_wconf 85' lang='lat' dir='ltr'>est,</span> <span class='ocrx_word' id='word_1_169' title='bbox 522 2321 564 2378; x_wconf 89' lang='lat' dir='ltr'>ita</span> <span class='ocrx_word' id='word_1_170' title='bbox 595 2339 633 2378; x_wconf 90' lang='lat' dir='ltr'>ue</span> <span class='ocrx_word' id='word_1_171' title='bbox 665 2319 704 2378; x_wconf 90' lang='lat' dir='ltr'>ad</span> <span class='ocrx_word' id='word_1_172' title='bbox 735 2319 812 2379; x_wconf 90' lang='lat' dir='ltr'>banc</span> <span class='ocrx_word' id='word_1_173' title='bbox 844 2318 963 2396; x_wconf 87' lang='lat' dir='ltr'>quidem</span> <span class='ocrx_word' id='word_1_174' title='bbox 996 2319 1164 2378; x_wconf 87' lang='lat' dir='ltr'>uniuersam</span> <span class='ocrx_word' id='word_1_175' title='bbox 1197 2320 1345 2395; x_wconf 88' lang='lat' dir='ltr'>pervenit;</span> <span class='ocrx_word' id='word_1_176' title='bbox 1383 2338 1451 2378; x_wconf 87' lang='lat' dir='ltr'>uam</span> <span class='ocrx_word' id='word_1_177' title='bbox 1483 2319 1514 2377; x_wconf 91' lang='lat' dir='ltr'>in</span> <span class='ocrx_word' id='word_1_178' title='bbox 1546 2319 1684 2396; x_wconf 85' lang='lat' dir='ltr'>partibus</span> <span class='ocrx_word' id='word_1_179' title='bbox 1710 2313 1738 2371; x_wconf 86' lang='lat' dir='ltr'>ad</span> 
     </span>
     <span class='ocr_line' id='line_1_18' title="bbox 433 2420 1739 2499; baseline -0.003 -19"><span class='ocrx_word' id='word_1_180' title='bbox 433 2422 577 2480; x_wconf 89' lang='lat' dir='ltr'>orientem</span> <span class='ocrx_word' id='word_1_181' title='bbox 603 2440 725 2499; x_wconf 85' lang='lat' dir='ltr'>perraro</span> <span class='ocrx_word' id='word_1_182' title='bbox 751 2421 899 2480; x_wconf 88' lang='lat' dir='ltr'>iuvenitur</span> <span class='ocrx_word' id='word_1_183' title='bbox 925 2421 1053 2497; x_wconf 90' lang='lat' dir='ltr'>(scilicet</span> <span class='ocrx_word' id='word_1_184' title='bbox 1072 2422 1103 2480; x_wconf 91' lang='lat' dir='ltr'>in</span> <span class='ocrx_word' id='word_1_185' title='bbox 1125 2421 1231 2480; x_wconf 80' lang='lat' dir='ltr'>Africa</span> <span class='ocrx_word' id='word_1_186' title='bbox 1255 2421 1461 2497; x_wconf 75' lang='lat' dir='ltr'>proconsulari</span> <span class='ocrx_word' id='word_1_187' title='bbox 1483 2440 1551 2480; x_wconf 90' lang='lat' dir='ltr'>cum</span> <span class='ocrx_word' id='word_1_188' title='bbox 1566 2420 1739 2498; x_wconf 69' lang='lat' dir='ltr'>Tripolitani</span> 
     </span>
     <span class='ocr_line' id='line_1_19' title="bbox 434 2521 1740 2600; baseline -0.005 -18"><span class='ocrx_word' id='word_1_189' title='bbox 434 2532 463 2582; x_wconf 90' lang='lat' dir='ltr'>et</span> <span class='ocrx_word' id='word_1_190' title='bbox 483 2523 642 2600; x_wconf 77' lang='lat' dir='ltr'>Byzacena</span> <span class='ocrx_word' id='word_1_191' title='bbox 667 2523 827 2600; x_wconf 81' lang='lat' dir='ltr'>quinquies</span> <span class='ocrx_word' id='word_1_192' title='bbox 856 2523 951 2582; x_wconf 89' lang='lat' dir='ltr'>solum</span> <span class='ocrx_word' id='word_1_193' title='bbox 975 2543 1003 2582; x_wconf 88' lang='lat' dir='ltr'>n.</span> <span class='ocrx_word' id='word_1_194' title='bbox 1024 2524 1091 2583; x_wconf 88' lang='grc'><strong>165.</strong></span> <span class='ocrx_word' id='word_1_195' title='bbox 1119 2523 1189 2584; x_wconf 88' lang='grc'><strong>581.</strong></span> <span class='ocrx_word' id='word_1_196' title='bbox 1215 2523 1285 2582; x_wconf 90' lang='grc'><strong>917.</strong></span> <span class='ocrx_word' id='word_1_197' title='bbox 1314 2524 1402 2583; x_wconf 78' lang='grc'><strong>1531.</strong></span> <span class='ocrx_word' id='word_1_198' title='bbox 1431 2521 1560 2600; x_wconf 91' lang='grc'><strong>10572),</strong></span> <span class='ocrx_word' id='word_1_199' title='bbox 1590 2523 1740 2598; x_wconf 77' lang='lat' dir='ltr'>frequenter</span> 
     </span>
     <span class='ocr_line' id='line_1_20' title="bbox 433 2622 1740 2702; baseline -0.005 -18"><span class='ocrx_word' id='word_1_200' title='bbox 433 2626 520 2684; x_wconf 86' lang='lat' dir='ltr'>adest</span> <span class='ocrx_word' id='word_1_201' title='bbox 540 2627 570 2684; x_wconf 92' lang='lat' dir='ltr'>in</span> <span class='ocrx_word' id='word_1_202' title='bbox 593 2624 736 2684; x_wconf 91' lang='lat' dir='ltr'>Numidia</span> <span class='ocrx_word' id='word_1_203' title='bbox 757 2634 787 2684; x_wconf 88' lang='lat' dir='ltr'>et</span> <span class='ocrx_word' id='word_1_204' title='bbox 807 2630 896 2684; x_wconf 87' lang='lat' dir='ltr'>etiam</span> <span class='ocrx_word' id='word_1_205' title='bbox 918 2625 1013 2702; x_wconf 83' lang='lat' dir='ltr'>magis</span> <span class='ocrx_word' id='word_1_206' title='bbox 1035 2626 1065 2683; x_wconf 93' lang='lat' dir='ltr'>in</span> <span class='ocrx_word' id='word_1_207' title='bbox 1087 2625 1273 2685; x_wconf 80' lang='lat' dir='ltr'>Mauretania</span> <span class='ocrx_word' id='word_1_208' title='bbox 1287 2622 1489 2686; x_wconf 79' lang='lat' dir='ltr'>Caesariensi.</span> <span class='ocrx_word' id='word_1_209' title='bbox 1521 2624 1683 2701; x_wconf 89' lang='lat' dir='ltr'>Temporis</span> <span class='ocrx_word' id='word_1_210' title='bbox 1701 2641 1740 2680; x_wconf 85' lang='lat' dir='ltr'>uo</span> 
     </span>
     <span class='ocr_line' id='line_1_21' title="bbox 434 2726 1740 2804; baseline -0.002 -18"><span class='ocrx_word' id='word_1_211' title='bbox 434 2737 494 2786; x_wconf 89' lang='lat' dir='ltr'>tam</span> <span class='ocrx_word' id='word_1_212' title='bbox 517 2747 585 2786; x_wconf 91' lang='lat' dir='ltr'>cum</span> <span class='ocrx_word' id='word_1_213' title='bbox 606 2746 644 2785; x_wconf 84' lang='lat' dir='ltr'>ex</span> <span class='ocrx_word' id='word_1_214' title='bbox 660 2726 754 2786; x_wconf 88' lang='lat' dir='ltr'>titulis</span> <span class='ocrx_word' id='word_1_215' title='bbox 776 2747 867 2804; x_wconf 88' lang='lat' dir='ltr'>supra</span> <span class='ocrx_word' id='word_1_216' title='bbox 886 2727 988 2785; x_wconf 88' lang='lat' dir='ltr'>relatis</span> <span class='ocrx_word' id='word_1_217' title='bbox 1010 2727 1178 2786; x_wconf 89' lang='lat' dir='ltr'>tenuiorum</span> <span class='ocrx_word' id='word_1_218' title='bbox 1199 2727 1260 2786; x_wconf 81' lang='lat' dir='ltr'>sere</span> <span class='ocrx_word' id='word_1_219' title='bbox 1282 2736 1313 2786; x_wconf 85' lang='lat' dir='ltr'>et</span> <span class='ocrx_word' id='word_1_220' title='bbox 1325 2727 1506 2804; x_wconf 85' lang='lat' dir='ltr'>plebeiorum</span> <span class='ocrx_word' id='word_1_221' title='bbox 1522 2727 1677 2786; x_wconf 89' lang='lat' dir='ltr'>bominum</span> <span class='ocrx_word' id='word_1_222' title='bbox 1691 2743 1740 2800; x_wconf 82' lang='lat' dir='ltr'>per-</span> 
     </span>
     <span class='ocr_line' id='line_1_22' title="bbox 433 2825 1741 2906; baseline -0.005 -19"><span class='ocrx_word' id='word_1_223' title='bbox 433 2830 520 2906; x_wconf 86' lang='lat' dir='ltr'>pauci</span> <span class='ocrx_word' id='word_1_224' title='bbox 542 2829 685 2900; x_wconf 85' lang='lat' dir='ltr'>babeant,</span> <span class='ocrx_word' id='word_1_225' title='bbox 712 2829 912 2905; x_wconf 85' lang='lat' dir='ltr'>antiquissimi</span> <span class='ocrx_word' id='word_1_226' title='bbox 933 2846 1009 2906; x_wconf 91' lang='lat' dir='ltr'>quos</span> <span class='ocrx_word' id='word_1_227' title='bbox 1032 2827 1141 2888; x_wconf 80' lang='lat' dir='ltr'>offendi</span> <span class='ocrx_word' id='word_1_228' title='bbox 1163 2839 1233 2890; x_wconf 92' lang='lat' dir='ltr'>sunt</span> <span class='ocrx_word' id='word_1_229' title='bbox 1253 2829 1418 2888; x_wconf 80' lang='lat' dir='ltr'>Auzieuscs</span> <span class='ocrx_word' id='word_1_230' title='bbox 1440 2831 1500 2888; x_wconf 92' lang='lat' dir='ltr'>duo</span> <span class='ocrx_word' id='word_1_231' title='bbox 1522 2849 1551 2888; x_wconf 93' lang='lat' dir='ltr'>n.</span> <span class='ocrx_word' id='word_1_232' title='bbox 1568 2829 1662 2888; x_wconf 83' lang='grc'><strong>9011,</strong></span> <span class='ocrx_word' id='word_1_233' title='bbox 1677 2825 1741 2883; x_wconf 82' lang='grc'><strong>9065</strong></span> 
     </span>
     <span class='ocr_line' id='line_1_23' title="bbox 435 2928 1743 3004; baseline -0.005 -14"><span class='ocrx_word' id='word_1_234' title='bbox 435 2951 581 2990; x_wconf 89' lang='lat' dir='ltr'>annorum</span> <span class='ocrx_word' id='word_1_235' title='bbox 603 2930 663 2990; x_wconf 77' lang='grc'><strong>221</strong></span> <span class='ocrx_word' id='word_1_236' title='bbox 685 2940 714 2989; x_wconf 85' lang='lat' dir='ltr'>ct</span> <span class='ocrx_word' id='word_1_237' title='bbox 730 2931 799 3004; x_wconf 88' lang='grc'><strong>225,</strong></span> <span class='ocrx_word' id='word_1_238' title='bbox 821 2932 1044 2990; x_wconf 85' lang='lat' dir='ltr'>recentissimus</span> <span class='ocrx_word' id='word_1_239' title='bbox 1064 2931 1268 2992; x_wconf 89' lang='lat' dir='ltr'>Pomarionsis</span> <span class='ocrx_word' id='word_1_240' title='bbox 1290 2951 1318 2990; x_wconf 93' lang='lat' dir='ltr'>u.</span> <span class='ocrx_word' id='word_1_241' title='bbox 1335 2931 1414 2991; x_wconf 92' lang='grc'><strong>9926</strong></span> <span class='ocrx_word' id='word_1_242' title='bbox 1439 2933 1508 2990; x_wconf 88' lang='lat' dir='ltr'>anui</span> <span class='ocrx_word' id='word_1_243' title='bbox 1528 2931 1607 3004; x_wconf 81' lang='grc'><strong>515,</strong></span> <span class='ocrx_word' id='word_1_244' title='bbox 1629 2928 1743 2988; x_wconf 83' lang='lat' dir='ltr'>credide·</span> 
     </span>
     <span class='ocr_line' id='line_1_24' title="bbox 435 3031 1742 3112; baseline -0.006 -19"><span class='ocrx_word' id='word_1_245' title='bbox 435 3035 549 3111; x_wconf 87' lang='lat' dir='ltr'>rimque</span> <span class='ocrx_word' id='word_1_246' title='bbox 574 3035 653 3092; x_wconf 91' lang='lat' dir='ltr'>intra</span> <span class='ocrx_word' id='word_1_247' title='bbox 677 3034 732 3092; x_wconf 90' lang='lat' dir='ltr'>hos</span> <span class='ocrx_word' id='word_1_248' title='bbox 755 3035 815 3092; x_wconf 84' lang='lat' dir='ltr'>lere</span> <span class='ocrx_word' id='word_1_249' title='bbox 838 3034 978 3092; x_wconf 90' lang='lat' dir='ltr'>terminos</span> <span class='ocrx_word' id='word_1_250' title='bbox 1001 3035 1134 3111; x_wconf 90' lang='lat' dir='ltr'>reliquos</span> <span class='ocrx_word' id='word_1_251' title='bbox 1156 3052 1273 3111; x_wconf 86' lang='lat' dir='ltr'>quoque</span> <span class='ocrx_word' id='word_1_252' title='bbox 1296 3033 1523 3112; x_wconf 85' lang='lat' dir='ltr'>comprehendi,</span> <span class='ocrx_word' id='word_1_253' title='bbox 1542 3040 1625 3091; x_wconf 83' lang='lat' dir='ltr'>certe</span> <span class='ocrx_word' id='word_1_254' title='bbox 1647 3031 1742 3090; x_wconf 90' lang='lat' dir='ltr'>nullon</span> 
     </span>
     <span class='ocr_line' id='line_1_25' title="bbox 435 3135 1572 3212; baseline 0 -18"><span class='ocrx_word' id='word_1_255' title='bbox 435 3137 550 3208; x_wconf 87' lang='lat' dir='ltr'>iuveni,</span> <span class='ocrx_word' id='word_1_256' title='bbox 566 3137 659 3212; x_wconf 83' lang='lat' dir='ltr'>&#39;quem</span> <span class='ocrx_word' id='word_1_257' title='bbox 681 3135 833 3212; x_wconf 87' lang='lat' dir='ltr'>probabile</span> <span class='ocrx_word' id='word_1_258' title='bbox 855 3136 894 3194; x_wconf 90' lang='lat' dir='ltr'>sit</span> <span class='ocrx_word' id='word_1_259' title='bbox 915 3143 984 3194; x_wconf 89' lang='lat' dir='ltr'>ante</span> <span class='ocrx_word' id='word_1_260' title='bbox 1006 3138 1124 3196; x_wconf 90' lang='lat' dir='ltr'>tertium</span> <span class='ocrx_word' id='word_1_261' title='bbox 1147 3138 1297 3196; x_wconf 89' lang='lat' dir='ltr'>saeculum</span> <span class='ocrx_word' id='word_1_262' title='bbox 1320 3145 1475 3196; x_wconf 85' lang='lat' dir='ltr'>exaratum</span> <span class='ocrx_word' id='word_1_263' title='bbox 1497 3153 1572 3194; x_wconf 86' lang='lat' dir='ltr'>ease.</span> 
     </span>
     <span class='ocr_line' id='line_1_26' title="bbox 519 3229 1802 3317; baseline -0.005 -21"><span class='ocrx_word' id='word_1_264' title='bbox 519 3236 708 3317; x_wconf 85' lang='lat' dir='ltr'>Cognomina</span> <span class='ocrx_word' id='word_1_265' title='bbox 733 3238 887 3297; x_wconf 90' lang='lat' dir='ltr'>mulierum</span> <span class='ocrx_word' id='word_1_266' title='bbox 914 3239 944 3296; x_wconf 93' lang='lat' dir='ltr'>in</span> <span class='ocrx_word' id='word_1_267' title='bbox 967 3243 1035 3298; x_wconf 83' lang='lat' dir='ltr'>-itto</span> <span class='ocrx_word' id='word_1_268' title='bbox 1064 3240 1205 3298; x_wconf 86' lang='lat' dir='ltr'>exeuntia</span> <span class='ocrx_word' id='word_1_269' title='bbox 1231 3239 1416 3315; x_wconf 90' lang='lat' dir='ltr'>collegerunt</span> <span class='ocrx_word' id='word_1_270' title='bbox 1440 3238 1511 3297; x_wconf 90' lang='lat' dir='ltr'>olim</span> <span class='ocrx_word' id='word_1_271' title='bbox 1534 3237 1611 3297; x_wconf 91' lang='lat' dir='ltr'>Otto</span> <span class='ocrx_word' id='word_1_272' title='bbox 1634 3234 1743 3295; x_wconf 80' lang='lat' dir='ltr'>labain</span> <span class='ocrx_word' id='word_1_273' title='bbox 1801 3229 1802 3254; x_wconf 68' lang='lat'>³</span> 
     </span>
     <span class='ocr_line' id='line_1_27' title="bbox 436 3335 1742 3418; baseline -0.006 -20"><span class='ocrx_word' id='word_1_274' title='bbox 436 3340 566 3399; x_wconf 88' lang='lat' dir='ltr'>Hermae</span> <span class='ocrx_word' id='word_1_275' title='bbox 588 3339 678 3398; x_wconf 85' lang='lat' dir='ltr'>rol.3</span> <span class='ocrx_word' id='word_1_276' title='bbox 697 3339 807 3418; x_wconf 87' lang='grc'><strong>(1869)</strong></span> <span class='ocrx_word' id='word_1_277' title='bbox 825 3359 853 3417; x_wconf 92' lang='lat' dir='ltr'>p.</span> <span class='ocrx_word' id='word_1_278' title='bbox 870 3341 938 3412; x_wconf 90' lang='grc'><strong>170,</strong></span> <span class='ocrx_word' id='word_1_279' title='bbox 958 3359 1052 3416; x_wconf 92' lang='lat' dir='ltr'>nuper</span> <span class='ocrx_word' id='word_1_280' title='bbox 1070 3341 1217 3417; x_wconf 88' lang='lat' dir='ltr'>Iosephus</span> <span class='ocrx_word' id='word_1_281' title='bbox 1237 3341 1327 3402; x_wconf 88' lang='lat' dir='ltr'>Klein</span> <span class='ocrx_word' id='word_1_282' title='bbox 1348 3341 1378 3399; x_wconf 93' lang='lat' dir='ltr'>in</span> <span class='ocrx_word' id='word_1_283' title='bbox 1398 3357 1475 3400; x_wconf 89' lang='lat' dir='ltr'>rous.</span> <span class='ocrx_word' id='word_1_284' title='bbox 1490 3339 1631 3399; x_wconf 75' lang='lat' dir='ltr'>Rhenum</span> <span class='ocrx_word' id='word_1_285' title='bbox 1652 3335 1742 3395; x_wconf 80' lang='lat' dir='ltr'>rolli</span> 
     </span>
     <span class='ocr_line' id='line_1_28' title="bbox 437 3440 1744 3519; baseline -0.004 -19"><span class='ocrx_word' id='word_1_286' title='bbox 437 3441 547 3518; x_wconf 88' lang='grc'><strong>(1876)</strong></span> <span class='ocrx_word' id='word_1_287' title='bbox 569 3461 599 3519; x_wconf 90' lang='lat' dir='ltr'>p.</span> <span class='ocrx_word' id='word_1_288' title='bbox 616 3441 684 3501; x_wconf 89' lang='grc'>297.</span> <span class='ocrx_word' id='word_1_289' title='bbox 719 3440 777 3504; x_wconf 88' lang='lat' dir='ltr'>Sed</span> <span class='ocrx_word' id='word_1_290' title='bbox 801 3451 833 3501; x_wconf 91' lang='lat' dir='ltr'>ut</span> <span class='ocrx_word' id='word_1_291' title='bbox 847 3443 897 3501; x_wconf 90' lang='lat' dir='ltr'>ille</span> <span class='ocrx_word' id='word_1_292' title='bbox 919 3461 978 3502; x_wconf 92' lang='lat' dir='ltr'>uon</span> <span class='ocrx_word' id='word_1_293' title='bbox 1001 3443 1121 3504; x_wconf 89' lang='lat' dir='ltr'>omuino</span> <span class='ocrx_word' id='word_1_294' title='bbox 1144 3444 1202 3504; x_wconf 86' lang='lat' dir='ltr'>sibi</span> <span class='ocrx_word' id='word_1_295' title='bbox 1217 3444 1297 3503; x_wconf 87' lang='lat' dir='ltr'>cavit</span> <span class='ocrx_word' id='word_1_296' title='bbox 1317 3443 1356 3500; x_wconf 92' lang='lat' dir='ltr'>ab</span> <span class='ocrx_word' id='word_1_297' title='bbox 1370 3441 1487 3513; x_wconf 85' lang='lat' dir='ltr'>olienis,</span> <span class='ocrx_word' id='word_1_298' title='bbox 1508 3442 1551 3500; x_wconf 89' lang='lat' dir='ltr'>ita</span> <span class='ocrx_word' id='word_1_299' title='bbox 1563 3441 1616 3500; x_wconf 90' lang='lat' dir='ltr'>bic</span> <span class='ocrx_word' id='word_1_300' title='bbox 1631 3442 1669 3500; x_wconf 90' lang='lat' dir='ltr'>iis</span> <span class='ocrx_word' id='word_1_301' title='bbox 1685 3455 1744 3516; x_wconf 83' lang='lat' dir='ltr'>quae</span> 
     </span>
     <span class='ocr_line' id='line_1_29' title="bbox 437 3543 1745 3622; baseline -0.002 -19"><span class='ocrx_word' id='word_1_302' title='bbox 437 3546 606 3620; x_wconf 85' lang='lat' dir='ltr'>composuit</span> <span class='ocrx_word' id='word_1_303' title='bbox 627 3545 831 3621; x_wconf 88' lang='lat' dir='ltr'>quaestionem</span> <span class='ocrx_word' id='word_1_304' title='bbox 853 3564 913 3604; x_wconf 92' lang='lat' dir='ltr'>nou</span> <span class='ocrx_word' id='word_1_305' title='bbox 932 3554 992 3604; x_wconf 88' lang='lat' dir='ltr'>tam</span> <span class='ocrx_word' id='word_1_306' title='bbox 1014 3544 1173 3606; x_wconf 83' lang='lat' dir='ltr'>elucidavit</span> <span class='ocrx_word' id='word_1_307' title='bbox 1193 3563 1282 3622; x_wconf 83' lang='lat' dir='ltr'>quem</span> <span class='ocrx_word' id='word_1_308' title='bbox 1296 3545 1474 3604; x_wconf 79' lang='lat' dir='ltr'>obscuravit.</span> <span class='ocrx_word' id='word_1_309' title='bbox 1506 3543 1587 3604; x_wconf 86' lang='lat' dir='ltr'>Nam</span> <span class='ocrx_word' id='word_1_310' title='bbox 1611 3563 1677 3603; x_wconf 89' lang='lat' dir='ltr'>cum</span> <span class='ocrx_word' id='word_1_311' title='bbox 1691 3559 1745 3616; x_wconf 77' lang='lat' dir='ltr'>age·</span> 
     </span>
     <span class='ocr_line' id='line_1_30' title="bbox 437 3639 1745 3726; baseline -0.002 -21"><span class='ocrx_word' id='word_1_312' title='bbox 437 3657 486 3705; x_wconf 93' lang='lat' dir='ltr'>tur</span> <span class='ocrx_word' id='word_1_313' title='bbox 507 3647 542 3704; x_wconf 89' lang='lat' dir='ltr'>da</span> <span class='ocrx_word' id='word_1_314' title='bbox 563 3646 681 3726; x_wconf 87' lang='lat' dir='ltr'>liuguae</span> <span class='ocrx_word' id='word_1_315' title='bbox 696 3645 820 3706; x_wconf 82' lang='lat' dir='ltr'>Latinae</span> <span class='ocrx_word' id='word_1_316' title='bbox 842 3648 992 3706; x_wconf 91' lang='lat' dir='ltr'>nominum</span> <span class='ocrx_word' id='word_1_317' title='bbox 1015 3647 1235 3706; x_wconf 82' lang='lat' dir='ltr'>formandorum</span> <span class='ocrx_word' id='word_1_318' title='bbox 1256 3646 1484 3717; x_wconf 88' lang='lat' dir='ltr'>cousuetudine,</span> <span class='ocrx_word' id='word_1_319' title='bbox 1505 3646 1637 3723; x_wconf 89' lang='lat' dir='ltr'>primum</span> <span class='ocrx_word' id='word_1_320' title='bbox 1658 3639 1745 3722; x_wconf 83' lang='lat' dir='ltr'>procul</span> 
     </span>
     <span class='ocr_line' id='line_1_31' title="bbox 437 3746 1745 3826; baseline 0 -20"><span class='ocrx_word' id='word_1_321' title='bbox 437 3748 575 3807; x_wconf 88' lang='lat' dir='ltr'>habenda</span> <span class='ocrx_word' id='word_1_322' title='bbox 600 3759 669 3808; x_wconf 92' lang='lat' dir='ltr'>suut</span> <span class='ocrx_word' id='word_1_323' title='bbox 695 3758 754 3808; x_wconf 88' lang='lat' dir='ltr'>tam</span> <span class='ocrx_word' id='word_1_324' title='bbox 781 3747 912 3815; x_wconf 89' lang='lat' dir='ltr'>Graeca,</span> <span class='ocrx_word' id='word_1_325' title='bbox 942 3757 975 3808; x_wconf 91' lang='lat' dir='ltr'>ut</span> <span class='ocrx_word' id='word_1_326' title='bbox 999 3747 1096 3809; x_wconf 81' lang='lat' dir='ltr'>Corite</span> <span class='ocrx_word' id='word_1_327' title='bbox 1113 3749 1175 3822; x_wconf 87' lang='lat'>111,</span> <span class='ocrx_word' id='word_1_328' title='bbox 1198 3748 1278 3810; x_wconf 84' lang='grc'><strong>2163</strong></span> <span class='ocrx_word' id='word_1_329' title='bbox 1306 3767 1361 3826; x_wconf 89' lang='lat' dir='ltr'>pro</span> <span class='ocrx_word' id='word_1_330' title='bbox 1390 3748 1504 3809; x_wconf 71' lang='lat' dir='ltr'>Charite</span> <span class='ocrx_word' id='word_1_331' title='bbox 1530 3748 1634 3824; x_wconf 79' lang='lat' dir='ltr'>est1),</span> <span class='ocrx_word' id='word_1_332' title='bbox 1663 3746 1745 3806; x_wconf 72' lang='lat' dir='ltr'>Curio</span> 
     </span>
     <span class='ocr_line' id='line_1_32' title="bbox 438 3847 1747 3929; baseline -0.003 -19"><span class='ocrx_word' id='word_1_333' title='bbox 438 3850 586 3910; x_wconf 79' lang='lat' dir='ltr'>votvm</span> <span class='ocrx_word' id='word_1_334' title='bbox 608 3872 635 3911; x_wconf 92' lang='lat' dir='ltr'>u.</span> <span class='ocrx_word' id='word_1_335' title='bbox 653 3850 734 3910; x_wconf 86' lang='grc'><strong>3200</strong></span> <span class='ocrx_word' id='word_1_336' title='bbox 756 3870 811 3929; x_wconf 88' lang='lat' dir='ltr'>pro</span> <span class='ocrx_word' id='word_1_337' title='bbox 829 3852 957 3923; x_wconf 80' lang='lat' dir='ltr'>Obarito,</span> <span class='ocrx_word' id='word_1_338' title='bbox 978 3869 1067 3926; x_wconf 82' lang='lat' dir='ltr'>quam</span> <span class='ocrx_word' id='word_1_339' title='bbox 1088 3853 1224 3924; x_wconf 86' lang='lat' dir='ltr'>barbara,</span> <span class='ocrx_word' id='word_1_340' title='bbox 1246 3859 1279 3912; x_wconf 90' lang='lat' dir='ltr'>ut</span> <span class='ocrx_word' id='word_1_341' title='bbox 1297 3850 1420 3911; x_wconf 81' lang='lat' dir='ltr'>Urolail</span> <span class='ocrx_word' id='word_1_342' title='bbox 1433 3851 1568 3926; x_wconf 64' lang='lat' dir='ltr'>Addet.</span> <span class='ocrx_word' id='word_1_343' title='bbox 1592 3849 1677 3910; x_wconf 89' lang='lat' dir='ltr'>tituli</span> <span class='ocrx_word' id='word_1_344' title='bbox 1689 3847 1747 3906; x_wconf 76' lang='lat' dir='ltr'>flis-</span> 
     </span>
     <span class='ocr_line' id='line_1_33' title="bbox 437 3949 1746 4030; baseline -0.005 -18"><span class='ocrx_word' id='word_1_345' title='bbox 437 3953 538 4030; x_wconf 83' lang='lat' dir='ltr'>panioi</span> <span class='ocrx_word' id='word_1_346' title='bbox 560 3953 617 4012; x_wconf 81' lang='lat' dir='ltr'>rol.</span> <span class='ocrx_word' id='word_1_347' title='bbox 635 3953 666 4012; x_wconf 96' lang='lat' dir='ltr'>Il</span> <span class='ocrx_word' id='word_1_348' title='bbox 687 3975 716 4014; x_wconf 90' lang='grc' dir='ltr'>ιι.</span> <span class='ocrx_word' id='word_1_349' title='bbox 731 3954 820 4026; x_wconf 90' lang='grc'><strong>1087,</strong></span> <span class='ocrx_word' id='word_1_350' title='bbox 842 3953 965 4012; x_wconf 80' lang='lat' dir='ltr'>Loccito</span> <span class='ocrx_word' id='word_1_351' title='bbox 980 3953 1108 4014; x_wconf 73' lang='lat' dir='ltr'>Messeni</span> <span class='ocrx_word' id='word_1_352' title='bbox 1121 3953 1226 4019; x_wconf 86' lang='lat' dir='ltr'>Norici</span> <span class='ocrx_word' id='word_1_353' title='bbox 1248 3953 1309 4013; x_wconf 86' lang='lat' dir='ltr'>vol.</span> <span class='ocrx_word' id='word_1_354' title='bbox 1323 3953 1372 4012; x_wconf 91' lang='lat'>111</span> <span class='ocrx_word' id='word_1_355' title='bbox 1386 3973 1415 4014; x_wconf 92' lang='grc' dir='ltr'>ιι.</span> <span class='ocrx_word' id='word_1_356' title='bbox 1429 3952 1521 4024; x_wconf 83' lang='grc'><strong>5289,</strong></span> <span class='ocrx_word' id='word_1_357' title='bbox 1536 3952 1668 4012; x_wconf 54' lang='lat' dir='ltr'>&amp;aaa</span> <span class='ocrx_word' id='word_1_358' title='bbox 1687 3949 1746 4008; x_wconf 77' lang='lat' dir='ltr'>ciris</span> 
     </span>
     <span class='ocr_line' id='line_1_34' title="bbox 438 4050 1747 4133; baseline -0.005 -19"><span class='ocrx_word' id='word_1_359' title='bbox 438 4055 536 4114; x_wconf 82' lang='lat' dir='ltr'>Recta</span> <span class='ocrx_word' id='word_1_360' title='bbox 557 4055 614 4114; x_wconf 86' lang='lat' dir='ltr'>vol.</span> <span class='ocrx_word' id='word_1_361' title='bbox 627 4055 689 4113; x_wconf 88' lang='lat' dir='ltr'>Vll</span> <span class='ocrx_word' id='word_1_362' title='bbox 704 4076 733 4116; x_wconf 88' lang='lat' dir='ltr'>n.</span> <span class='ocrx_word' id='word_1_363' title='bbox 749 4055 819 4128; x_wconf 91' lang='grc'><strong>972,</strong></span> <span class='ocrx_word' id='word_1_364' title='bbox 834 4055 950 4116; x_wconf 82' lang='lat' dir='ltr'>Lolitto</span> <span class='ocrx_word' id='word_1_365' title='bbox 972 4055 1048 4114; x_wconf 90' lang='lat' dir='ltr'>tituli</span> <span class='ocrx_word' id='word_1_366' title='bbox 1063 4056 1237 4133; x_wconf 79' lang='lat' dir='ltr'>Aquitanici</span> <span class='ocrx_word' id='word_1_367' title='bbox 1252 4050 1504 4132; x_wconf 80' lang='lat' dir='ltr'>Grut764,1²).</span> <span class='ocrx_word' id='word_1_368' title='bbox 1537 4053 1747 4114; x_wconf 80' lang='lat' dir='ltr'>Remoreudum</span> 
     </span>
     <span class='ocr_line' id='line_1_35' title="bbox 438 4154 1748 4236; baseline -0.005 -21"><span class='ocrx_word' id='word_1_369' title='bbox 438 4157 508 4216; x_wconf 91' lang='lat' dir='ltr'>item</span> <span class='ocrx_word' id='word_1_370' title='bbox 532 4159 654 4216; x_wconf 78' lang='lat' dir='ltr'>Fraude</span> <span class='ocrx_word' id='word_1_371' title='bbox 682 4165 783 4236; x_wconf 90' lang='lat' dir='ltr'>utpote</span> <span class='ocrx_word' id='word_1_372' title='bbox 811 4157 928 4218; x_wconf 82' lang='lat' dir='ltr'>fruendi</span> <span class='ocrx_word' id='word_1_373' title='bbox 952 4157 1036 4217; x_wconf 85' lang='lat' dir='ltr'>verbi</span> <span class='ocrx_word' id='word_1_374' title='bbox 1067 4158 1254 4234; x_wconf 88' lang='lat' dir='ltr'>participium</span> <span class='ocrx_word' id='word_1_375' title='bbox 1286 4159 1363 4218; x_wconf 85' lang='lat' dir='ltr'>miro</span> <span class='ocrx_word' id='word_1_376' title='bbox 1393 4175 1493 4217; x_wconf 87' lang='lat' dir='ltr'>errore</span> <span class='ocrx_word' id='word_1_377' title='bbox 1522 4176 1543 4216; x_wconf 83' lang='lat' dir='ltr'>e</span> <span class='ocrx_word' id='word_1_378' title='bbox 1566 4155 1691 4216; x_wconf 82' lang='lat' dir='ltr'>Kleiuic</span> <span class='ocrx_word' id='word_1_379' title='bbox 1717 4154 1748 4210; x_wconf 71' lang='lat' dir='ltr'>ih</span> 
     </span>
     <span class='ocr_line' id='line_1_36' title="bbox 439 4259 1748 4338; baseline -0.003 -20"><span class='ocrx_word' id='word_1_380' title='bbox 439 4259 637 4333; x_wconf 87' lang='lat' dir='ltr'>emendatum,</span> <span class='ocrx_word' id='word_1_381' title='bbox 659 4267 691 4320; x_wconf 91' lang='lat' dir='ltr'>ut</span> <span class='ocrx_word' id='word_1_382' title='bbox 704 4260 788 4320; x_wconf 87' lang='lat' dir='ltr'>fieret</span> <span class='ocrx_word' id='word_1_383' title='bbox 803 4261 946 4320; x_wconf 83' lang='lat' dir='ltr'>Fronitto.</span> <span class='ocrx_word' id='word_1_384' title='bbox 982 4259 1174 4322; x_wconf 59' lang='lat' dir='ltr'>&amp;movenda</span> <span class='ocrx_word' id='word_1_385' title='bbox 1194 4260 1306 4338; x_wconf 86' lang='lat' dir='ltr'>pariter</span> <span class='ocrx_word' id='word_1_386' title='bbox 1321 4260 1429 4320; x_wconf 78' lang='lat' dir='ltr'>Bonita</span> <span class='ocrx_word' id='word_1_387' title='bbox 1450 4267 1481 4320; x_wconf 87' lang='lat' dir='ltr'>ct</span> <span class='ocrx_word' id='word_1_388' title='bbox 1503 4259 1641 4318; x_wconf 69' lang='lat' dir='ltr'>manca</span> <span class='ocrx_word' id='word_1_389' title='bbox 1661 4263 1748 4332; x_wconf 78' lang='lat' dir='ltr'>utpute</span> 
     </span>
     <span class='ocr_line' id='line_1_37' title="bbox 439 4360 1749 4440; baseline 0 -18"><span class='ocrx_word' id='word_1_390' title='bbox 439 4381 509 4422; x_wconf 84' lang='lat' dir='ltr'>rere</span> <span class='ocrx_word' id='word_1_391' title='bbox 530 4363 561 4422; x_wconf 92' lang='lat' dir='ltr'>in</span> <span class='ocrx_word' id='word_1_392' title='bbox 582 4366 638 4422; x_wconf 59' lang='lat' dir='ltr'>ito</span> <span class='ocrx_word' id='word_1_393' title='bbox 658 4363 809 4436; x_wconf 80' lang='lat' dir='ltr'>exeuntia,</span> <span class='ocrx_word' id='word_1_394' title='bbox 831 4381 888 4422; x_wconf 90' lang='lat' dir='ltr'>nou</span> <span class='ocrx_word' id='word_1_395' title='bbox 911 4373 943 4421; x_wconf 87' lang='lat' dir='ltr'>tn</span> <span class='ocrx_word' id='word_1_396' title='bbox 966 4361 1079 4439; x_wconf 66' lang='lat' dir='ltr'>ctat).</span> <span class='ocrx_word' id='word_1_397' title='bbox 1110 4361 1304 4424; x_wconf 68' lang='lat' dir='ltr'>Removcmm</span> <span class='ocrx_word' id='word_1_398' title='bbox 1323 4361 1482 4440; x_wconf 83' lang='lat' dir='ltr'>gentilicia,</span> <span class='ocrx_word' id='word_1_399' title='bbox 1504 4369 1537 4420; x_wconf 88' lang='lat' dir='ltr'>ut</span> <span class='ocrx_word' id='word_1_400' title='bbox 1551 4360 1711 4422; x_wconf 67' lang='lat' dir='ltr'>Samium</span> <span class='ocrx_word' id='word_1_401' title='bbox 1727 4369 1749 4412; x_wconf 76' lang='lat' dir='ltr'>tt</span> 
     </span>
    </p>
   </div>
   <div class='ocr_carea' id='block_1_3' title="bbox 441 4553 1750 5364">
    <p class='ocr_par' dir='ltr' id='par_1_3' title="bbox 517 4553 1164 4617">
     <span class='ocr_line' id='line_1_38' title="bbox 517 4553 1164 4617; baseline 0.002 -9"><span class='ocrx_word' id='word_1_402' title='bbox 517 4555 541 4617; x_wconf 89' lang='lat'>¹)</span> <span class='ocrx_word' id='word_1_403' title='bbox 567 4557 607 4608; x_wconf 81' lang='lat' dir='ltr'>Cf.</span> <span class='ocrx_word' id='word_1_404' title='bbox 625 4553 744 4608; x_wconf 79' lang='lat' dir='ltr'>Oluritoe</span> <span class='ocrx_word' id='word_1_405' title='bbox 763 4559 838 4609; x_wconf 86' lang='lat' dir='ltr'>tertio</span> <span class='ocrx_word' id='word_1_406' title='bbox 857 4573 917 4609; x_wconf 85' lang='lat' dir='ltr'>casu</span> <span class='ocrx_word' id='word_1_407' title='bbox 937 4557 1024 4609; x_wconf 82' lang='lat' dir='ltr'>volV</span> <span class='ocrx_word' id='word_1_408' title='bbox 1043 4573 1068 4608; x_wconf 89' lang='lat' dir='ltr'>n.</span> <span class='ocrx_word' id='word_1_409' title='bbox 1084 4558 1164 4609; x_wconf 83' lang='grc'><strong>3891.</strong></span> 
     </span>
    </p>

    <p class='ocr_par' dir='ltr' id='par_1_4' title="bbox 441 4645 1750 5180">
     <span class='ocr_line' id='line_1_39' title="bbox 516 4645 1750 4718; baseline -0.005 -18"><span class='ocrx_word' id='word_1_410' title='bbox 516 4645 541 4710; x_wconf 82' lang='lat'>²)</span> <span class='ocrx_word' id='word_1_411' title='bbox 567 4651 623 4712; x_wconf 85' lang='lat' dir='ltr'>llis,</span> <span class='ocrx_word' id='word_1_412' title='bbox 644 4667 708 4718; x_wconf 86' lang='lat' dir='ltr'>quac</span> <span class='ocrx_word' id='word_1_413' title='bbox 727 4652 813 4701; x_wconf 83' lang='lat' dir='ltr'>attulit</span> <span class='ocrx_word' id='word_1_414' title='bbox 821 4652 947 4713; x_wconf 72' lang='lat' dir='ltr'>Kleiuiua</span> <span class='ocrx_word' id='word_1_415' title='bbox 966 4651 1062 4701; x_wconf 86' lang='lat' dir='ltr'>similia</span> <span class='ocrx_word' id='word_1_416' title='bbox 1073 4650 1197 4702; x_wconf 81' lang='lat' dir='ltr'>vocabule</span> <span class='ocrx_word' id='word_1_417' title='bbox 1209 4657 1262 4702; x_wconf 86' lang='lat' dir='ltr'>tam</span> <span class='ocrx_word' id='word_1_418' title='bbox 1275 4651 1389 4702; x_wconf 83' lang='lat' dir='ltr'>virorum</span> <span class='ocrx_word' id='word_1_419' title='bbox 1408 4665 1485 4716; x_wconf 82' lang='lat' dir='ltr'>quam</span> <span class='ocrx_word' id='word_1_420' title='bbox 1498 4649 1635 4700; x_wconf 72' lang='lat' dir='ltr'>mulierum</span> <span class='ocrx_word' id='word_1_421' title='bbox 1648 4645 1750 4698; x_wconf 75' lang='lat' dir='ltr'>amenta</span> 
     </span>
     <span class='ocr_line' id='line_1_40' title="bbox 441 4737 1749 4809; baseline -0.001 -21"><span class='ocrx_word' id='word_1_422' title='bbox 441 4740 468 4789; x_wconf 90' lang='lat' dir='ltr'>io</span> <span class='ocrx_word' id='word_1_423' title='bbox 492 4741 553 4792; x_wconf 81' lang='lat' dir='ltr'>-itto</span> <span class='ocrx_word' id='word_1_424' title='bbox 578 4742 619 4792; x_wconf 84' lang='lat' dir='ltr'>vel</span> <span class='ocrx_word' id='word_1_425' title='bbox 643 4744 694 4793; x_wconf 80' lang='lat' dir='ltr'>-e&#39;to</span> <span class='ocrx_word' id='word_1_426' title='bbox 721 4745 797 4809; x_wconf 79' lang='lat' dir='ltr'>plura</span> <span class='ocrx_word' id='word_1_427' title='bbox 818 4745 990 4804; x_wconf 86' lang='lat' dir='ltr'>innotuerunt,</span> <span class='ocrx_word' id='word_1_428' title='bbox 1012 4738 1604 4805; x_wconf 73' lang='lat' dir='ltr'>utrirorumdtito,Atitto-Bito,13itto</span> <span class='ocrx_word' id='word_1_429' title='bbox 1625 4767 1659 4778; x_wconf 91' lang='lat'>-</span> <span class='ocrx_word' id='word_1_430' title='bbox 1679 4737 1749 4796; x_wconf 66' lang='lat' dir='ltr'>Barla</span> 
     </span>
     <span class='ocr_line' id='line_1_41' title="bbox 442 4829 1748 4902; baseline -0.001 -20"><span class='ocrx_word' id='word_1_431' title='bbox 442 4829 525 4884; x_wconf 82' lang='lat' dir='ltr'>Britto</span> <span class='ocrx_word' id='word_1_432' title='bbox 545 4861 578 4872; x_wconf 83' lang='lat'>—</span> <span class='ocrx_word' id='word_1_433' title='bbox 602 4831 721 4885; x_wconf 70' lang='grc'><strong>01110-</strong></span> <span class='ocrx_word' id='word_1_434' title='bbox 745 4831 809 4885; x_wconf 82' lang='lat' dir='ltr'>Cl&#39;to</span> <span class='ocrx_word' id='word_1_435' title='bbox 830 4860 863 4871; x_wconf 97' lang='lat'>-</span> <span class='ocrx_word' id='word_1_436' title='bbox 883 4832 934 4885; x_wconf 87' lang='lat' dir='ltr'>Itto</span> <span class='ocrx_word' id='word_1_437' title='bbox 954 4860 987 4871; x_wconf 95' lang='lat'>-</span> <span class='ocrx_word' id='word_1_438' title='bbox 1002 4833 1130 4902; x_wconf 76' lang='lat' dir='ltr'>Mosqaito</span> <span class='ocrx_word' id='word_1_439' title='bbox 1150 4862 1184 4874; x_wconf 91' lang='lat'>-</span> <span class='ocrx_word' id='word_1_440' title='bbox 1204 4833 1304 4898; x_wconf 79' lang='lat' dir='ltr'>Stritto,</span> <span class='ocrx_word' id='word_1_441' title='bbox 1324 4835 1460 4888; x_wconf 84' lang='lat' dir='ltr'>mulierum</span> <span class='ocrx_word' id='word_1_442' title='bbox 1477 4831 1540 4884; x_wconf 80' lang='lat' dir='ltr'>Dito</span> <span class='ocrx_word' id='word_1_443' title='bbox 1559 4859 1592 4871; x_wconf 93' lang='lat'>-</span> <span class='ocrx_word' id='word_1_444' title='bbox 1615 4830 1712 4883; x_wconf 74' lang='lat' dir='ltr'>iteum</span> <span class='ocrx_word' id='word_1_445' title='bbox 1724 4851 1748 4862; x_wconf 91' lang='grc'>-·</span> 
     </span>
     <span class='ocr_line' id='line_1_42' title="bbox 447 4923 1749 5008; baseline 0.002 -34"><span class='ocrx_word' id='word_1_446' title='bbox 447 4923 559 5008; x_wconf 56' lang='lat' dir='ltr'>Tittop&#39;u</span> <span class='ocrx_word' id='word_1_447' title='bbox 578 4928 705 4978; x_wconf 88' lang='lat' dir='ltr'>iudicibus</span> <span class='ocrx_word' id='word_1_448' title='bbox 724 4928 818 4979; x_wconf 82' lang='lat' dir='ltr'>uostris</span> <span class='ocrx_word' id='word_1_449' title='bbox 837 4929 1004 4994; x_wconf 87' lang='lat' dir='ltr'>reperientur.</span> <span class='ocrx_word' id='word_1_450' title='bbox 1041 4929 1139 4978; x_wconf 81' lang='lat' dir='ltr'>Eadem</span> <span class='ocrx_word' id='word_1_451' title='bbox 1163 4929 1225 4979; x_wconf 89' lang='lat' dir='ltr'>alibi</span> <span class='ocrx_word' id='word_1_452' title='bbox 1249 4929 1356 4978; x_wconf 82' lang='lat' dir='ltr'>redeunt</span> <span class='ocrx_word' id='word_1_453' title='bbox 1378 4927 1491 4977; x_wconf 75' lang='lat' dir='ltr'>formata</span> <span class='ocrx_word' id='word_1_454' title='bbox 1513 4927 1540 4976; x_wconf 91' lang='lat' dir='ltr'>iu</span> <span class='ocrx_word' id='word_1_455' title='bbox 1559 4925 1632 4974; x_wconf 78' lang='lat' dir='ltr'>-ittue</span> <span class='ocrx_word' id='word_1_456' title='bbox 1649 4932 1676 4974; x_wconf 89' lang='lat' dir='ltr'>et</span> <span class='ocrx_word' id='word_1_457' title='bbox 1693 4923 1749 4976; x_wconf 57' lang='lat' dir='ltr'>-iwt</span> 
     </span>
     <span class='ocr_line' id='line_1_43' title="bbox 442 5013 1749 5085; baseline 0.002 -18"><span class='ocrx_word' id='word_1_458' title='bbox 442 5026 471 5068; x_wconf 87' lang='lat' dir='ltr'>ut</span> <span class='ocrx_word' id='word_1_459' title='bbox 493 5019 561 5068; x_wconf 87' lang='lat' dir='ltr'>iuter</span> <span class='ocrx_word' id='word_1_460' title='bbox 585 5021 637 5070; x_wconf 85' lang='lat' dir='ltr'>alia</span> <span class='ocrx_word' id='word_1_461' title='bbox 660 5021 778 5085; x_wconf 84' lang='lat' dir='ltr'>leguntur</span> <span class='ocrx_word' id='word_1_462' title='bbox 796 5017 871 5069; x_wconf 82' lang='lat' dir='ltr'>Ritus</span> <span class='ocrx_word' id='word_1_463' title='bbox 888 5027 914 5070; x_wconf 91' lang='lat' dir='ltr'>et</span> <span class='ocrx_word' id='word_1_464' title='bbox 931 5017 998 5080; x_wconf 81' lang='lat' dir='ltr'>Bito,</span> <span class='ocrx_word' id='word_1_465' title='bbox 1025 5017 1124 5070; x_wconf 69' lang='lat' dir='ltr'>Brittue</span> <span class='ocrx_word' id='word_1_466' title='bbox 1143 5028 1168 5070; x_wconf 89' lang='lat' dir='ltr'>et</span> <span class='ocrx_word' id='word_1_467' title='bbox 1185 5017 1279 5083; x_wconf 76' lang='lat' dir='ltr'>Bru&#39;tto,</span> <span class='ocrx_word' id='word_1_468' title='bbox 1308 5017 1388 5070; x_wconf 76' lang='lat' dir='ltr'>Otmu</span> <span class='ocrx_word' id='word_1_469' title='bbox 1406 5027 1431 5069; x_wconf 90' lang='lat' dir='ltr'>et</span> <span class='ocrx_word' id='word_1_470' title='bbox 1452 5015 1527 5080; x_wconf 85' lang='lat' dir='ltr'>Oittc,</span> <span class='ocrx_word' id='word_1_471' title='bbox 1552 5015 1630 5068; x_wconf 79' lang='lat' dir='ltr'>Ditee</span> <span class='ocrx_word' id='word_1_472' title='bbox 1647 5025 1675 5066; x_wconf 88' lang='lat' dir='ltr'>et</span> <span class='ocrx_word' id='word_1_473' title='bbox 1692 5013 1749 5070; x_wconf 70' lang='lat' dir='ltr'>ocu,</span> 
     </span>
     <span class='ocr_line' id='line_1_44' title="bbox 442 5107 1714 5180; baseline 0.003 -20"><span class='ocrx_word' id='word_1_474' title='bbox 442 5107 587 5180; x_wconf 76' lang='lat' dir='ltr'>Morqoituu</span> <span class='ocrx_word' id='word_1_475' title='bbox 605 5120 631 5161; x_wconf 88' lang='lat' dir='ltr'>et</span> <span class='ocrx_word' id='word_1_476' title='bbox 648 5109 787 5179; x_wconf 72' lang='lat' dir='ltr'>Mospm&#39;to.</span> <span class='ocrx_word' id='word_1_477' title='bbox 825 5113 868 5163; x_wconf 79' lang='lat' dir='ltr'>Ab</span> <span class='ocrx_word' id='word_1_478' title='bbox 888 5110 937 5162; x_wconf 85' lang='lat' dir='ltr'>hac</span> <span class='ocrx_word' id='word_1_479' title='bbox 955 5119 1041 5163; x_wconf 78' lang='lat' dir='ltr'>munao</span> <span class='ocrx_word' id='word_1_480' title='bbox 1061 5113 1238 5180; x_wconf 84' lang='lat' dir='ltr'>disquisitione</span> <span class='ocrx_word' id='word_1_481' title='bbox 1258 5114 1343 5165; x_wconf 87' lang='lat' dir='ltr'>aliena</span> <span class='ocrx_word' id='word_1_482' title='bbox 1360 5119 1421 5163; x_wconf 87' lang='lat' dir='ltr'>sunt</span> <span class='ocrx_word' id='word_1_483' title='bbox 1437 5118 1526 5178; x_wconf 81' lang='lat' dir='ltr'>utpote</span> <span class='ocrx_word' id='word_1_484' title='bbox 1544 5127 1597 5162; x_wconf 88' lang='lat' dir='ltr'>noa</span> <span class='ocrx_word' id='word_1_485' title='bbox 1616 5111 1714 5164; x_wconf 63' lang='lat' dir='ltr'>latu</span> 
     </span>
    </p>

    <p class='ocr_par' dir='ltr' id='par_1_5' title="bbox 444 5199 1749 5364">
     <span class='ocr_line' id='line_1_45' title="bbox 519 5199 1749 5266; baseline 0.004 -13"><span class='ocrx_word' id='word_1_486' title='bbox 519 5201 543 5266; x_wconf 80' lang='lat'>³)</span> <span class='ocrx_word' id='word_1_487' title='bbox 568 5200 684 5255; x_wconf 81' lang='lat' dir='ltr'>Nonnito</span> <span class='ocrx_word' id='word_1_488' title='bbox 707 5213 746 5256; x_wconf 89' lang='lat' dir='ltr'>est</span> <span class='ocrx_word' id='word_1_489' title='bbox 769 5212 795 5254; x_wconf 88' lang='lat' dir='ltr'>et</span> <span class='ocrx_word' id='word_1_490' title='bbox 818 5206 845 5255; x_wconf 92' lang='lat' dir='ltr'>iu</span> <span class='ocrx_word' id='word_1_491' title='bbox 870 5205 949 5254; x_wconf 88' lang='lat' dir='ltr'>titulis</span> <span class='ocrx_word' id='word_1_492' title='bbox 969 5221 985 5254; x_wconf 91' lang='lat' dir='ltr'>a</span> <span class='ocrx_word' id='word_1_493' title='bbox 1003 5205 1107 5256; x_wconf 87' lang='lat' dir='ltr'>Kleinio</span> <span class='ocrx_word' id='word_1_494' title='bbox 1135 5206 1219 5256; x_wconf 82' lang='lat' dir='ltr'>citatis</span> <span class='ocrx_word' id='word_1_495' title='bbox 1243 5205 1362 5256; x_wconf 89' lang='lat' dir='ltr'>omnibus</span> <span class='ocrx_word' id='word_1_496' title='bbox 1390 5212 1416 5254; x_wconf 88' lang='lat' dir='ltr'>et</span> <span class='ocrx_word' id='word_1_497' title='bbox 1434 5204 1522 5256; x_wconf 86' lang='lat' dir='ltr'>rol.V</span> <span class='ocrx_word' id='word_1_498' title='bbox 1540 5203 1657 5256; x_wconf 74' lang='lat' dir='ltr'>alost.</span> <span class='ocrx_word' id='word_1_499' title='bbox 1678 5199 1749 5257; x_wconf 67' lang='grc'><strong>6251,</strong></span> 
     </span>
     <span class='ocr_line' id='line_1_46' title="bbox 444 5291 1749 5364; baseline 0.001 -20"><span class='ocrx_word' id='word_1_500' title='bbox 444 5291 538 5346; x_wconf 80' lang='lat' dir='ltr'>Bonita</span> <span class='ocrx_word' id='word_1_501' title='bbox 562 5297 589 5347; x_wconf 91' lang='lat' dir='ltr'>in</span> <span class='ocrx_word' id='word_1_502' title='bbox 608 5298 686 5348; x_wconf 88' lang='lat' dir='ltr'>titulis</span> <span class='ocrx_word' id='word_1_503' title='bbox 704 5297 850 5350; x_wconf 83' lang='lat' dir='ltr'>Kleinianis</span> <span class='ocrx_word' id='word_1_504' title='bbox 872 5298 984 5362; x_wconf 83' lang='lat' dir='ltr'>duobus,</span> <span class='ocrx_word' id='word_1_505' title='bbox 1008 5313 1065 5349; x_wconf 88' lang='lat' dir='ltr'>cum</span> <span class='ocrx_word' id='word_1_506' title='bbox 1090 5299 1116 5348; x_wconf 92' lang='lat' dir='ltr'>iu</span> <span class='ocrx_word' id='word_1_507' title='bbox 1140 5299 1215 5348; x_wconf 86' lang='lat' dir='ltr'>tertio</span> <span class='ocrx_word' id='word_1_508' title='bbox 1235 5297 1321 5364; x_wconf 78' lang='lat' dir='ltr'>(vm,</span> <span class='ocrx_word' id='word_1_509' title='bbox 1336 5297 1418 5364; x_wconf 87' lang='grc'><strong>2906)</strong></span> <span class='ocrx_word' id='word_1_510' title='bbox 1442 5297 1475 5348; x_wconf 87' lang='lat' dir='ltr'>sit</span> <span class='ocrx_word' id='word_1_511' title='bbox 1494 5293 1608 5348; x_wconf 78' lang='lat' dir='ltr'>Bonitto.</span> <span class='ocrx_word' id='word_1_512' title='bbox 1645 5293 1749 5347; x_wconf 56' lang='lat' dir='ltr'>Fumat</span> 
     </span>
    </p>
   </div>
   <div class='ocr_carea' id='block_1_4' title="bbox 0 0 1857 5990">
    <p class='ocr_par' dir='ltr' id='par_1_6' title="bbox 0 0 1857 5990">
     <span class='ocr_line' id='line_1_47' title="bbox 0 0 1857 5990; baseline 0 0"><span class='ocrx_word' id='word_1_513' title='bbox 0 0 1857 5990; x_wconf 95' lang='lat' dir='ltr'> </span> 
     </span>
    </p>
   </div>
  </div>
 </body>
</html>
