3654 5990
636 513 999 576 varuanuonvuouu.
1405 498 1480 570 499

229 686 261 764 ⁶)
294 684 329 746 O.
346 687 526 746 Vettulenus
548 685 653 746 Civica
673 685 801 747 Cerialis
820 687 900 746 iusto
922 687 1041 747 nomine
1063 707 1143 747 nune
1164 689 1282 747 demum
1304 690 1481 764 innotescit3

137 809 212 850 ‚nam
228 789 279 866 qui
293 808 389 867 nuper
406 789 443 848 dc
457 807 493 848 eo
508 798 633 868 egerunt
651 789 714 848 Leo
729 790 840 850 Renier
858 789 979 865 (caused
993 791 1027 848 ds
1040 808 1141 864 puerre
1155 791 1189 848 de
1207 791 1288 849 Titus
1305 810 1333 867 p.
1347 793 1386 850 34
1399 795 1478 870 seq.)

141 901 172 950 et
186 891 391 968 Waddiugton
414 890 466 966 (ad
480 889 644 950 Lebasium
658 890 707 949 III
728 910 757 967 p.
771 891 856 966 709),
877 910 929 950 eos
951 893 1010 951 iam
1028 900 1153 968 apparet
1167 891 1242 950 duos
1257 893 1393 951 homines
1409 913 1477 952 con-

141 993 271 1065 fudisse,
299 990 372 1052 Sex.
395 993 586 1052 Vettulenum
609 990 760 1054 Cerialem
787 1002 817 1051 et
842 993 920 1052 hune
942 991 978 1053 Ο.
1001 992 1194 1052 Vettuleuam
1217 991 1352 1053 Ciuicam
1374 994 1476 1056 Ceria-

140 1095 202 1154 lem
223 1094 303 1153 illius
327 1094 434 1172 opinor
454 1095 558 1153 lilium.
595 1094 636 1152 Et
655 1094 737 1152 illius
757 1094 877 1170 quidem
899 1095 958 1153 tria
976 1095 1098 1153 nomina
1118 1093 1181 1154 sine
1201 1094 1366 1154 honoribus
1389 1099 1479 1156 habet

141 1196 246 1256 titulus
267 1195 458 1254 venafranus
484 1196 510 1254 1.
526 1195 562 1255 R.
578 1195 618 1254 N.
641 1195 723 1255 4636
751 1197 788 1254 ab
817 1215 910 1254 uxore
940 1196 1004 1255 eius
1031 1200 1147 1272 positus
1178 1197 1257 1272 patri
1286 1199 1476 1272 equestribus

140 1297 255 1356 militiis
272 1297 328 1354 sub
344 1298 482 1373 Augusto
502 1307 533 1355 et
549 1297 673 1356 Tiberio
695 1298 797 1357 functo
805 1319 814 1370 3
837 1299 962 1358 eundem
983 1297 1063 1356 bello
1084 1297 1210 1358 ludaico
1231 1317 1258 1357 a.
1276 1297 1368 1357 69170
1390 1299 1474 1359 Ιοεε-

141 1401 220 1474 phua
233 1400 262 1470 3,
275 1399 304 1468 7,
318 1400 355 1456 34
370 1407 399 1456 et
411 1398 440 1470 6,
453 1400 481 1471 4,
495 1397 512 1456 3
529 1398 592 1474 (ubi
605 1409 652 1458 est
664 1389 773 1479 Σὲξτος
784 1390 936 1481 Κερεάλιος
951 1407 981 1458 el
995 1389 1106 1480 Σὲξτου
1118 1391 1280 1479 Κερεαλίου)
1296 1409 1325 1459 et
1342 1403 1369 1474 3,
1383 1403 1412 1474 7,
1425 1401 1474 1460 32.

141 1503 171 1574 4,
188 1501 250 1572 9,9
278 1500 342 1573 (ubi
364 1507 411 1558 est
430 1491 578 1582 Κερεάλιος
600 1502 648 1560 vel
670 1492 836 1582 Κερεάλιος)
859 1507 887 1558 ε1
908 1502 937 1572 7,
958 1502 987 1574 6,
1010 1502 1024 1558 l
1048 1500 1113 1576 (ubi
1136 1509 1183 1558 est
1202 1493 1356 1583 Κερεαλίου
1379 1497 1475 1562 odm-

140 1601 252 1677 λοενοῦ)
273 1600 375 1660 scribit
393 1602 558 1676 praefuisse
573 1603 684 1679 legioni
698 1602 728 1661 V
742 1601 962 1662 Macedonicae.
1001 1597 1069 1674 Quo
1088 1599 1155 1660 loeo
1175 1603 1203 1660 ei
1221 1603 1392 1680 praetuerit,
1415 1624 1475 1664 nou

138 1713 201 1762 tam
226 1713 339 1762 certum
366 1711 411 1761 est
437 1721 526 1779 quam
554 1705 672 1764 somnia
700 1721 770 1764 esee
800 1723 877 1780 qaae
903 1701 1061 1762 Renierius
1088 1703 1145 1762 hac
1169 1705 1325 1763 occasione
1352 1707 1477 1781 protulit

139 1807 177 1864 de
201 1804 352 1883 praefecto
380 1805 512 1881 equitum
538 1805 681 1884 legionis,
711 1805 761 1881 qui
788 1806 889 1864 nullus
915 1823 1056 1881 umquam
1081 1803 1151 1877 fuit,
1183 1804 1352 1882 similiaque
1378 1808 1473 1884 plura.

137 1909 231 1985 Apud
252 1907 415 1988 Iosephum
437 1907 516 1984 quod
538 1907 647 1986 legitur
669 1909 698 1980 3,
714 1907 742 1980 7,
760 1907 813 1966 32:
843 1897 973 1990 ἔπαρχον
999 1892 1066 1964 duro
1091 1907 1145 1964 τοῦ
1169 1896 1297 1974 miramon
1323 1898 1474 1984 τάγματος

139 2019 170 2068 et
197 2011 226 2082 6,
246 2012 275 2083 d,
297 2011 331 2068 3:
361 2003 392 2066 τὲ
418 1999 542 2078 aluum
568 1995 692 2088 ripauroe
716 1999 819 2084 τάγμα
845 2027 881 2068 eo
908 2009 1020 2066 ducunt
1049 2016 1100 2067 aut
1129 2008 1260 2085 legatum
1285 2028 1352 2068 eum
1379 2010 1473 2070 fuisse

136 2121 189 2170 aut
210 2121 290 2170 certe
310 2111 492 2188 praelectum
512 2111 594 2169 vices
612 2111 705 2188 legati
725 2111 898 2182 facientem3
921 2109 996 2168 illud
1018 2109 1156 2185 equidem
1178 2099 1379 2186 praetulerim,
1397 2099 1471 2172 ‘cum

134 2214 314 2291 praesertiur
341 2214 368 2288 7,
390 2213 454 2285 6,1
485 2211 625 2272 addatur:
657 2211 696 2274 εἷς
726 2207 777 2284 miv
801 2201 942 2269 ’laudaiae
972 2203 1154 2296 πρεσβευεῆς
1181 2201 1327 2274 λοοκῖλιος
1354 2201 1471 2276 Βάσσος

134 2303 316 2392 ἐκπεμφθεὶς
341 2303 389 2372 uui
413 2308 463 2385 τήν
484 2307 619 2398 στρατιάν
640 2308 720 2396 παρά
742 2305 893 2398 Κερεαλίου
918 2308 1103 2372 oderamus
1122 2303 1315 2398 παραλαβών.
1360 2312 1472 2376 Contra

134 2417 187 2495 qui
208 2417 305 2475 lacere
327 2415 445 2474 videtur
465 2415 549 2474 locus
572 2416 601 2487 3,
618 2418 646 2488 7,
663 2417 715 2475 34:
739 2406 849 2496 Σέξτος
870 2437 911 2476 τις
931 2405 1081 2494 Κερεάλιος
1101 2407 1264 2495 χιλίαρχος
1288 2405 1335 2472 nal
1361 2408 1471 2476 Πλάκι-

137 2515 186 2580 δος
214 2519 367 2578 evidenter
395 2517 559 2577 mendosus
588 2530 635 2577 est
664 2527 695 2576 et
723 2517 765 2576 lta
793 2516 855 2575 iere
885 2517 1078 2594 corrigendus
1109 2503 1220 2598 Σέξτος
1247 2507 1395 2598 Κερεάλιος
1421 2509 1469 2577 καὶ

133 2611 297 2701 (χιλίαρχός
321 2641 363 2680 τις
387 2610 542 2686 Πλάκιδος,
569 2620 693 2678 alterius
719 2619 796 2678 enim
823 2619 927 2695 paullo
953 2628 1022 2678 ante
1047 2617 1198 2694 Iosephus
1220 2620 1404 2679 meminerat.
1427 2654 1468 2664 —

132 2722 283 2782 Diversus
308 2730 356 2780 est
384 2720 417 2781 O.
442 2719 620 2781 Vettulcuus
650 2719 754 2780 Civica
781 2718 922 2794 Cerialis,
950 2738 1038 2798 quem
1065 2720 1169 2778 titulus
1198 2717 1468 2782 Chersonesitanus

132 2824 245 2882 allatus
271 2844 290 2882 a
310 2823 558 2900 Waddinglonim
586 2867 593 2881 .
614 2837 791 2882 ...;.1“·.’...
818 2823 951 2907 Κερεάλιν
980 2812 1184 2904 αὐτοκράτορος
1212 2817 1469 2902 06[εο·]παο·ιανοῦ

129 2917 276 3010 Καῖεαρος
298 2918 460 2992 Eridano&
484 2916 665 3006 πρεσβευτῆν
687 2911 977 3004 καῖάντιττράτηγον
1004 2923 1134 2982 ostendit
1161 2924 1326 3001 imperante
1348 2927 1465 3005 Vespa·

132 3029 219 3086 siano
242 3027 375 3086 Moesiae
395 3027 572 3105 praefuisse,
597 3028 672 3085 haee
693 3026 743 3084 lex
766 3045 793 3084 a.
811 3025 849 3084 82
873 3026 944 3084 item
966 3015 1098 3084 Moesiae
1119 3024 1249 3102 legatum
1271 3025 1350 3100 lacit,
1373 3037 1405 3087 ut
1427 3031 1464 3088 ab

131 3149 160 3189 a.
184 3139 263 3188 oerte
282 3129 331 3202 79,
357 3147 418 3206 quo
444 3128 518 3188 obiit
538 3127 760 3204 Vespasianus,
786 3127 824 3184 ad
847 3147 873 3184 a.
891 3125 930 3185 82
953 3145 1019 3184 eum
1042 3124 1138 3184 locum
1161 3127 1322 3186 obtinuerit
1343 3147 1465 3188 neeesse

129 3233 179 3291 sit.
212 3231 296 3292 idem
319 3238 366 3290 est
386 3228 489 3290 Civica
509 3228 637 3288 Cerialis
658 3234 689 3286 in
710 3229 777 3306 ipso
800 3228 894 3286 Asiae
916 3218 1132 3304 proconsulatu
1149 3219 1251 3302 paullo
1273 3211 1357 3301 ante,
1374 3248 1465 3305 quam

128 3332 292 3409 Agricolae
319 3332 355 3391 de
381 3351 418 3392 eo
447 3331 632 3391 sortiendum
661 3339 733 3402 erat,
764 3349 782 3388 a
807 3328 982 3388 Domitiano
1008 3329 1126 3386 occisus
1158 3327 1298 3403 (Tacitus
1317 3332 1391 3407 Agr.
1408 3331 1463 3404 423

129 3431 293 3494 Suetonius
315 3433 405 3492 Dour.
429 3433 490 3508 10).
520 3467 554 3477 -
585 3435 670 3490 Aras
692 3432 741 3490 hic
763 3431 858 3490 luisse
884 3429 1003 3489 videtur
1028 3429 1158 3488 consulis
1185 3431 1328 3489 ordinarii
1354 3450 1381 3490 a.
1404 3432 1462 3490 137

129 3533 201 3596 Sex.
220 3535 372 3594 Vettuleni
395 3533 517 3594 Civicae
539 3535 724 3612 Pompeiani.

217 3637 247 3712 1)
280 3635 443 3695 Consulum
466 3635 570 3695 horum
593 3637 716 3694 nomina
736 3634 806 3693 alibi
829 3651 888 3692 non
910 3633 1039 3710 repperi,
1067 3633 1125 3690 nisi
1151 3633 1228 3691 sorte
1254 3633 1377 3692 alterius
1399 3653 1460 3694 me·

126 3739 215 3797 ruinit
236 3735 341 3797 Celsus
368 3738 503 3815 aequalia
529 3737 622 3796 Plinii
647 3737 773 3795 iunioris
800 3735 892 3812 (apud
914 3733 1078 3810 Ulpianum
1100 3734 1368 3812 Dig.17,1,16):
1397 3755 1460 3795 cum

127 3839 267 3898 Aurelius
286 3840 404 3910 Quietus
425 3839 532 3914 hospiti
553 3857 604 3897 suo
625 3840 732 3896 medico
752 3838 905 3897 mandasse
927 3838 1074 3905 diceretur,
1097 3843 1128 3894 ut
1148 3839 1178 3894 iu
1200 3837 1290 3896 hortis
1310 3839 1369 3896 eius
1387 3856 1460 3913 quoa

126 3943 282 4000 Rauennae
303 3940 436 4011 habehat,
462 3945 493 3998 im
517 3959 588 4016 quos
614 3940 742 3998 omuibus
768 3943 852 3997 amuis
878 3938 1004 3996 secedere
1029 3937 1151 4010 solebat,
1178 3939 1410 4014 sphaeristerium
1432 3949 1459 3998 et

124 4043 301 4119 hypocausta
322 4053 348 4100 ct
367 4043 509 4118 quaedum
530 4045 622 4117 ipsius
642 4041 800 4101 ualetudini
821 4051 892 4115 apta
913 4056 967 4098 sua
990 4042 1118 4116 impensa
1132 4040 1254 4114 suomet.

215 4141 246 4220 8)
278 4144 310 4202 in
332 4143 472 4218 capitolio
494 4161 546 4201 om.
570 4154 638 4202 mtr.

128 4289 133 4300 .
214 4243 244 4321 9)
276 4245 308 4304 in
328 4245 396 4304 trib.
422 4277 464 4286 —
490 4244 645 4304 domitiani
671 4263 724 4302 om.
751 4247 837 4302 intus.
887 4244 968 4302 Inter
994 4243 1063 4302 loca
1088 4243 1156 4304 aedi
1181 4243 1263 4302 Iovis
1293 4240 1457 4320 Capitolini

124 4347 277 4424 proxima,
298 4347 329 4405 in
352 4346 459 4423 quibus
479 4346 515 4404 ad
537 4366 564 4404 a.
584 4355 664 4405 certe
680 4345 718 4405 86
738 4365 809 4405 aera
830 4346 905 4405 haee
918 4345 1088 4422 figebantur
1102 4345 1175 4419 (rol.
1190 4344 1238 4402 III
1253 4363 1281 4420 p.
1299 4343 1384 4419 916),
1407 4345 1457 4403 tri-

123 4447 244 4506 bunalis
266 4448 464 4506 memiuerunt
478 4447 538 4506 duo
556 4465 657 4506 eorum
678 4467 705 4506 a.
722 4447 760 4506 86
782 4467 811 4506 u.
826 4447 916 4506 XIII.
932 4447 1009 4506 XIV
1029 4448 1085 4506 sic:
1108 4449 1139 4504 iu
1158 4446 1300 4520 Capitolio
1315 4456 1383 4521 post
1399 4455 1457 4505 tro·

119 4567 201 4624 poco
225 4547 389 4608 Germanioi
410 4553 440 4606 iu
462 4549 600 4608 tribunali
622 4569 695 4625 quae
716 4560 780 4607 suut
801 4550 841 4606 ud
862 4551 959 4607 aeden
981 4549 1064 4607 Fidei
1081 4567 1113 4623 p.
1135 4547 1172 4606 R.
1208 4546 1337 4606 Videtur
1358 4555 1456 4607 tamen

123 4650 254 4709 tribunal
276 4649 448 4709 Germanici
475 4651 521 4725 (id
540 4652 639 4727 ipsum
662 4653 779 4728 opinor,
804 4651 888 4709 cuius
915 4649 1049 4709 memiait
1075 4657 1197 4708 senatus
1221 4649 1391 4707 consultum
1418 4649 1455 4707 de

121 4769 251 4810 excessu
270 4752 333 4810 eius
348 4751 393 4810 VI
411 4773 441 4810 u.
457 4751 517 4811 912
538 4772 566 4811 v.
586 4753 637 4811 12:
660 4756 690 4812 iu
712 4752 851 4811 tribunali
871 4751 1041 4826 marmoreo)
1064 4751 1215 4810 diversum
1233 4749 1326 4809 fuisse
1343 4751 1382 4808 ab
1398 4751 1455 4808 hoo

120 4853 239 4913 Flavio.
281 4853 477 4912 Inveniuntur
498 4855 659 4930 aliquoties
681 4854 856 4925 tribunalia,
883 4854 946 4912 fere
968 4860 1001 4911 ut
1023 4871 1102 4925 arae,
1125 4852 1214 4910 modo
1235 4851 1383 4910 defunctis
1404 4852 1454 4910 de·

119 4955 221 5014 dicata
241 4956 355 5014 honore
374 4955 520 5033 singulari
535 4955 675 5031 (Tacitus
692 4975 759 5014 ann.
777 4955 805 5026 2,
823 4955 877 5014 83:
901 4955 1027 5014 tribunal
1040 4954 1246 5031 Epidaphnae,
1270 4972 1324 5029 quo
1342 4957 1373 5010 iu
1392 4951 1454 5011 loco

119 5060 209 5114 uitam
222 5057 343 5133 finierat
364 5055 577 5134 Germanicus)
598 5075 653 5116 neo
674 5057 732 5116 nisi
754 5058 942 5134 permittente
963 5056 1090 5132 collegio
1113 5055 1286 5131 pontificum
1308 5053 1360 5129 (cf.
1383 5054 1451 5112 titu-

118 5158 170 5217 lus
193 5157 424 5218 Beneventanus
446 5159 469 5218 Ι.
485 5158 521 5218 R.
537 5157 577 5219 N.
598 5160 735 5220 n.1537:
758 5179 808 5218 aas
829 5161 965 5218 disemum
981 5199 1029 5220 ...
1038 5161 1137 5234 posuit
1153 5167 1179 5216 et
1191 5155 1316 5216 tribuual
1335 5173 1369 5215 ea
1384 5173 1456 5232 pera
