3654 5990
433 619 601 671 uuanssu
619 619 740 670 svers.
760 620 811 671 uu
832 620 958 676 sunta.
978 621 1121 674 vonvr.
1367 602 1441 675 483

117 795 259 852 manserit
278 794 443 852 litterarum
459 794 551 852 ferme
566 801 725 866 ternarum,
747 793 825 853 idem
841 812 860 851 a
875 795 996 854 sinistra
1018 797 1153 856 relictum
1173 797 1269 856 fuisse
1291 797 1443 872 probabile

117 897 243 955 videtur.
287 895 404 955 Ternos
431 896 521 972 igitur
547 896 707 974 magistros
728 915 843 956 annuos
867 898 986 956 sodales
1009 898 1038 955 hi
1060 898 1235 959 habuerunt.
1279 899 1443 958 Numerum

116 997 260 1060 sodalium
284 1018 344 1057 non
364 1017 504 1076 magnum
526 998 617 1056 luisse
640 997 707 1057 iude
729 999 888 1076 colligitur,
911 1000 1001 1076 quod,
1023 1019 1090 1059 cum
1104 1000 1269 1060 iterationis
1292 1011 1363 1060 nota
1384 1001 1443 1060 ire·

114 1101 309 1176 quentissime
337 1101 429 1170 adsit,
465 1119 554 1178 saepe
582 1100 694 1158 eisdem
724 1100 893 1160 hominibus
918 1101 1026 1160 iterata
1052 1103 1115 1160 vice
1145 1103 1317 1180 magisteria
1343 1103 1442 1164 delata

115 1221 182 1261 esse
204 1211 294 1282 patet.
338 1201 464 1262 Sodales
490 1213 588 1261 autem
610 1199 676 1260 loco
698 1221 758 1261 non
780 1203 885 1261 humili
908 1212 993 1262 natos
1015 1223 1081 1262 esse
1104 1205 1265 1264 verisimile
1288 1215 1347 1278 est,
1373 1225 1442 1265 cum

114 1325 151 1364 ne
174 1325 262 1364 unum
284 1304 401 1381 quidem
424 1305 594 1364 libertinum
617 1323 780 1380 cognomen
804 1313 949 1364 aecumst.
985 1305 1117 1364 Nomina
1138 1307 1204 1384 ipsa
1225 1309 1313 1368 nimis
1336 1309 1442 1368 mutila

115 1417 194 1479 sunt,
215 1425 302 1482 quam
324 1416 357 1465 ut
378 1407 413 1464 ad
437 1407 518 1465 viros
541 1407 659 1465 aliunde
682 1417 769 1464 notos
793 1427 829 1464 ea
849 1408 960 1465 referre
982 1408 1156 1480 audeamus3
1178 1429 1215 1467 ne
1240 1410 1337 1468 Umbri
1351 1410 1393 1485 (v.
1407 1411 1439 1486 3)

113 1510 232 1585 quidem
248 1518 277 1566 et
292 1509 410 1584 [K]ost·i
425 1509 466 1584 (v.
483 1509 516 1584 7)
531 1527 705 1586 cognomen,
727 1527 852 1584 quorum
869 1509 994 1568 alterum
1010 1510 1136 1585 primum
1152 1511 1182 1569 ni
1198 1511 1288 1571 fallor
1301 1513 1357 1570 hoc
1371 1513 1439 1572 loco

115 1613 235 1672 emersit
256 1643 296 1654 -
319 1629 386 1669 nam
409 1611 512 1688 figlina
527 1611 562 1683 V,
576 1613 666 1682 8115,
679 1614 713 1663 62
736 1611 864 1670 incertae
885 1612 1019 1670 lectionis
1034 1613 1070 1670 ad
1086 1622 1218 1672 nostram
1238 1634 1299 1672 rem
1319 1615 1439 1673 omnino

111 1733 170 1773 non
193 1715 263 1771 iacit
285 1745 334 1783 -‚
357 1713 483 1772 alterum
506 1721 535 1771 et
557 1714 657 1788 ipsum
679 1733 739 1772 non
762 1731 852 1788 saepe
874 1714 1010 1788 occurrit,
1034 1715 1107 1773 satis
1130 1726 1240 1774 certam
1263 1717 1437 1793 iuterpreta-

111 1817 220 1875 tionem
241 1815 409 1874 admittunt.
442 1815 477 1873 V.
495 1816 513 1872 4
529 1815 591 1874 et8
615 1823 714 1891 potest
735 1815 827 1896 fuisse
849 1814 1007 1892 [Sev]erus,
1029 1817 1109 1892 quod
1130 1835 1237 1876 nomeu
1259 1837 1325 1876 cum
1348 1836 1438 1897 saepe

110 1920 255 1994 usitatum
276 1918 324 1988 sit,
345 1917 456 1976 certius
478 1917 590 1994 aliquid
613 1917 682 1975 inde
703 1915 820 1976 efficere
842 1935 902 1976 non
923 1936 1094 1992 possumus.

193 2021 257 2079 Iam
285 2019 419 2078 conferre
445 2019 559 2078 iuvabit
588 2019 691 2078 titulos
719 2018 839 2078 volvi
860 2039 887 2078 a.
911 2021 1000 2079 1985.
1024 2019 1111 2080 lese.
1133 2019 1222 2094 1987,
1249 2022 1356 2098 quibus
1378 2041 1438 2081 mo-

107 2127 229 2200 pistcria
250 2142 347 2180 annua
369 2123 512 2180 sedaliam
534 2121 737 2198 Augustalium
759 2122 953 2181 Claudialium
974 2122 1118 2181 contineri
1140 2123 1219 2182 tertii
1241 2125 1436 2200 praescriptio

108 2225 247 2285 ostendit.
274 2222 476 2283 Constitutum
493 2224 583 2300 igitur
598 2232 645 2281 est
659 2223 816 2300 collegium
832 2223 1042 2300 Augustalium
1058 2232 1086 2282 et
1100 2225 1198 2302 ipsum
1214 2245 1240 2282 a.
1253 2247 1282 2304 p.
1296 2225 1365 2286 Chr.
1381 2227 1435 2299 143

107 2329 269 2404 magistros
291 2326 354 2384 eius
376 2327 471 2385 fuisse
494 2344 616 2385 numero
635 2333 695 2383 tres
710 2335 816 2385 contra
830 2325 1029 2404 Borghesium
1050 2335 1129 2384 recte
1152 2329 1256 2386 statuit
1276 2329 1436 2388 Mommse-

105 2447 165 2488 nus
188 2429 239 2504 (cf.
256 2427 390 2486 Henzeni
413 2437 474 2487 not.
493 2426 661 2485 advolvi
682 2446 709 2484 n.
729 2428 821 2500 19873
844 2427 964 2486 Desssu
979 2427 1066 2486 huius
1081 2429 1146 2504 eph.
1164 2430 1223 2488 vol.
1239 2430 1287 2488 III
1301 2449 1330 2507 p.
1347 2431 1434 2506 709);

104 2542 299 2592 recensentur
320 2531 351 2588 in
373 2531 458 2589 fastis
480 2531 544 2587 eius
567 2529 636 2588 anni
659 2531 709 2602 its,
738 2540 769 2588 ut
790 2532 890 2605 priore
911 2531 977 2588 loco
1000 2530 1155 2588 consulum
1179 2533 1309 2604 nomina,
1337 2541 1434 2610 poste-

103 2637 183 2693 riore
204 2634 273 2692 anni
295 2650 435 2691 numerus
455 2629 639 2709 ponatur²);
662 2649 714 2690 eos
736 2632 827 2710 igitur
849 2631 884 2690 de
906 2632 1013 2709 quibus
1041 2634 1157 2709 agimus
1183 2633 1278 2693 iastos
1301 2646 1330 2693 et
1351 2636 1434 2710 ipsos

104 2737 262 2795 exordium
292 2753 398 2810 capere
425 2735 462 2792 ab
489 2752 516 2792 a.
541 2735 592 2804 14,
627 2735 948 2812 praescriptionemque
978 2753 1045 2793 aaa.
1076 2735 1220 2793 CXXIII
1248 2736 1432 2796 referendum

103 2857 173 2898 esse
195 2839 233 2896 ad
254 2838 442 2896 consulatum
463 2835 533 2893 Veri
556 2846 585 2893 et
606 2835 783 2912 Pompeiani
806 2837 864 2895 iam
886 2847 1018 2914 apparet.
1061 2837 1203 2896 Paucitas
1225 2847 1323 2896 autem
1346 2839 1432 2897 soda-

100 2941 175 3000 lium
198 2938 409 3016 Augustalium
435 2947 464 2997 et
489 2937 608 2996 aliunde
633 2947 704 2996 nota
725 2949 772 2997 est
794 2971 832 2983 ——
855 2937 973 2998 fueruat
994 2958 1021 2998 s.
1044 2939 1214 2998 135-137
1242 2959 1362 2999 numero
1388 2941 1433 2999 vi-

95 3039 178 3124 'ginti
200 3049 313 3120 septem
341 3073 379 3083 -
408 3049 438 3098 et
463 3041 573 3114 optime
600 3041 740 3098 convenit
768 3059 834 3099 cum
860 3041 904 3098 eis
927 3059 1003 3118 quae
1025 3041 1113 3099 modo
1135 3041 1171 3100 de
1193 3043 1349 3101 iteratione
1370 3063 1432 3102 ma·

100 3145 293 3224 gisteriorum
316 3141 554 3212 observavimus3
577 3143 649 3217 quid
671 3141 749 3218 quod
771 3146 802 3201 in
824 3143 990 3220 fragmento
1012 3164 1041 3201 a.
1061 3144 1137 3202 1987
1156 3145 1326 3204 nouaclum
1342 3147 1431 3204 itera·

100 3257 166 3307 tum
189 3246 240 3306 sed
262 3247 352 3305 etiam
374 3245 501 3320 primum
523 3253 693 3321 susceptum
717 3244 917 3321 magisterium
939 3245 1122 3321 significatur
1144 3247 1222 3304 notis
1240 3262 1259 3303 11
1275 3257 1305 3304 et
1319 3263 1337 3318 r,
1360 3265 1431 3323 qua-

98 3370 169 3410 rum
191 3350 268 3408 hauc
289 3347 441 3406 rarissime
464 3353 616 3423 praeterea
630 3346 661 3404 in
675 3345 819 3404 eiusmodi
842 3347 927 3404 fastis
951 3379 988 3389 -
1012 3347 1095 3405 velut
1109 3348 1204 3406 titulis
1219 3349 1429 3424 magistrorum

96 3453 226 3514 fontium
253 3485 290 3494 -
319 3457 491 3526 usurpatam
517 3450 661 3507 invenies.
704 3447 841 3524 Denique
867 3448 985 3506 sodales
1008 3449 1190 3526 Augustales
1212 3449 1305 3508 lectos
1327 3469 1430 3512 essee

92 3555 272 3635 primoribus
295 3556 416 3612 deitatis
439 3561 540 3609 notum
563 3559 610 3608 est
632 3549 719 3626 (Tac.
742 3569 810 3608 ann.
836 3551 862 3622 1,
885 3550 948 3626 54).
997 3549 1082 3624 Quae
1107 3569 1174 3608 cum
1196 3551 1238 3610 ita
1259 3553 1328 3624 sint,
1350 3554 1428 3632 frag-

95 3667 232 3716 mentum
263 3656 320 3714 hoe
350 3653 514 3712 addendum
548 3661 594 3710 est
626 3653 664 3710 ad
694 3651 789 3711 fastos
817 3651 963 3712 sodalium
989 3653 1199 3729 Augustalium
1225 3651 1427 3714 Claudialium

95 3758 174 3836 (vol.
187 3757 232 3816 VI
254 3777 283 3834 p.
300 3755 385 3832 446).

183 3860 323 3936 Denique
348 3857 428 3934 quod
455 3857 511 3914 hoc
540 3857 739 3934 fragmentum
769 3874 828 3915 non
854 3855 982 3916 Bovillis
1009 3858 1109 3916 eodem
1142 3875 1202 3932 quo
1235 3867 1332 3918 cetera
1359 3859 1426 3918 loco

95 3967 251 4024 inventum
274 3975 330 4034 est,
352 3960 509 4036 quominus
530 3960 690 4036 iungamus
710 3959 793 4018 nullo
814 3959 902 4017 modo
924 3959 1060 4035 impedit:
1084 3979 1120 4016 ea
1137 3967 1182 4018 est
1197 3960 1273 4018 enim
1290 3963 1425 4021 condicio

94 4067 311 4146 parietinarum
334 4062 480 4138 equibus
503 4071 668 4119 extractum
691 4068 750 4132 est,
779 4073 811 4119 ut
838 4079 897 4137 quo
923 4060 989 4118 loco
1011 4062 1133 4137 antiqua
1154 4072 1250 4122 aetate
1271 4063 1425 4142 inscriptio

93 4167 267 4248 prostiterit
287 4163 355 4224 inde
381 4164 523 4222 certiores
549 4182 609 4222 non
635 4165 751 4220 fiamus.
798 4163 902 4240 Itaque
929 4173 959 4222 et
986 4163 1061 4221 hanc
1091 4163 1220 4223 tabulam
1247 4173 1276 4224 et
1301 4165 1423 4224 alteram

91 4293 127 4332 n.
146 4269 224 4328 1984
247 4287 285 4326 ex
308 4267 457 4326 destructo
480 4265 589 4324 sacello
612 4264 759 4323 sodalium
782 4265 993 4342 Augustalium
1007 4265 1172 4325 Bovillensi
1197 4267 1228 4325 in
1250 4268 1351 4326 urbem
1373 4267 1423 4326 de·

90 4375 189 4432 latam
211 4387 279 4428 esse
301 4370 362 4427 reri
383 4386 444 4426 non
464 4366 609 4426 dissimile
632 4367 759 4425 ridetur.

194 4661 216 4722 ¹)
245 4659 321 4721 Quod
340 4661 367 4709 in
386 4673 416 4708 eo
436 4659 468 4708 dc
488 4675 538 4724 quo
558 4661 656 4724 agimus
675 4658 818 4724 fragmento
838 4661 970 4710 consulum
990 4661 1095 4711 nomina
1113 4676 1166 4711 non
1185 4661 1284 4712 duobus
1303 4663 1348 4713 sed
1368 4677 1419 4714 nae

90 4771 171 4806 versu
190 4753 342 4816 scribuntur,
362 4753 481 4802 convenit
500 4767 558 4802 cum
577 4751 821 4816 praescriptionibus
839 4767 965 4802 annorum
981 4755 1013 4802 18
1027 4753 1063 4814 (a.
1079 4752 1159 4816 1985)
1179 4761 1204 4804 et
1223 4753 1257 4805 69
1278 4753 1313 4816 (n.
1330 4755 1418 4818 1986),

91 4849 225 4912 discrepat
244 4861 300 4896 cum
320 4844 562 4910 praescriptionibus
581 4859 604 4894 a.
620 4844 680 4893 213.
696 4844 748 4892 214
768 4843 803 4904 (n.
820 4843 909 4905 1987).

1093 5016 1149 5078 Ca.
1171 5018 1333 5080 Husussu.
