3654 5990
426 645 500 718 520
992 665 1173 718 nouusmr

423 844 534 904 tionem
555 839 680 900 duorum
700 841 904 917 Augustorum
926 857 987 900 non
1009 847 1077 899 ante
1097 839 1184 899 divos
1205 840 1314 899 fratres
1335 839 1466 914 scriptus
1487 854 1553 896 esso
1575 844 1686 912 potest,
1707 837 1735 894 de

423 946 529 1006 borum
551 951 648 1002 aetate
669 943 832 1002 confirmat.
873 941 1091 1002 Demonstrant
1110 943 1203 1020 igitur
1223 941 1301 1002 tituli
1322 941 1354 1000 id
1374 942 1488 1017 ipsum,
1514 939 1597 1016 quod
1619 959 1658 998 ex
1678 939 1734 997 l’to

423 1048 538 1108 lemaeo
559 1045 751 1123 collegimus,
776 1047 815 1104 ab
836 1046 974 1122 Augusto
999 1045 1069 1104 inde
1095 1053 1174 1103 certe
1200 1044 1238 1102 ad
1266 1061 1391 1121 vergens
1413 1041 1563 1102 saeculum
1587 1042 1734 1101 secundnm

422 1150 533 1211 ,vallem
554 1147 719 1208 Poeninum
741 1148 926 1224 procuratori
947 1147 1071 1206 Raetiae
1092 1147 1239 1224 paruisse.

506 1251 573 1310 Hoc
594 1269 654 1310 uon
676 1268 817 1330 negamus
835 1251 954 1309 testium
978 1257 1192 1328 contemptum,
1215 1249 1299 1308 cuius
1313 1247 1482 1326 Zippelium
1503 1267 1590 1307 reum
1611 1247 1735 1318 facimus,

424 1355 613 1431 aliquatenus
642 1370 678 1413 eo
705 1353 859 1425 excusari,
887 1352 968 1430 quod
995 1353 1165 1411 testimonia
1190 1370 1252 1410 rem
1277 1351 1483 1410 demonstrant
1506 1370 1563 1428 per
1585 1369 1621 1408 rs
1645 1369 1734 1427 paron

422 1455 620 1534 probabilem
643 1455 757 1514 scilieet
770 1455 1054 1514 administrationem
1070 1455 1187 1513 civilem
1202 1454 1418 1530 militaremque
1432 1454 1558 1512 eandem
1573 1453 1735 1530 pervenisse

423 1579 444 1618 a
463 1557 568 1636 Vevey
593 1566 624 1616 et
646 1555 825 1616 villeneuve
851 1557 889 1616 ad
915 1557 1075 1636 Angsburg
1099 1567 1129 1616 et
1153 1557 1351 1634 Regensburg
1378 1555 1498 1633 oppida.
1540 1555 1734 1614 Nihilominus

423 1659 503 1739 quod
514 1659 669 1738 Zippelius
681 1661 821 1739 Augusto
836 1660 1038 1737 suppeditavit
1051 1660 1170 1738 imperii
1184 1658 1377 1718 distribuendi
1398 1657 1570 1726 consilium,
1592 1667 1627 1716 ut
1643 1657 1734 1716 vallem

422 1763 587 1824 Poeninum
609 1781 675 1822 cum
696 1760 859 1822 Germania
876 1764 1030 1840 superiore
1050 1763 1260 1834 contribueret,
1283 1761 1455 1836 imperatori
1476 1759 1507 1818 ni
1528 1760 1625 1818 fallor
1645 1778 1736 1836 paruus

422 1866 619 1944 probavisset.
657 1863 779 1926 Scilicet
800 1866 917 1941 imperii
939 1865 1087 1924 ordinatio
1101 1863 1230 1942 Augusti
1253 1882 1289 1922 eo
1311 1863 1359 1922 vel
1379 1861 1510 1922 maxime
1528 1863 1651 1934 nititur,
1671 1861 1735 1939 quod

422 1969 461 2027 ab
481 1968 570 2028 Italia
591 1986 675 2028 arma
694 1967 835 2040 removit,
862 1985 922 2026 non
944 1969 1067 2045 ignarus
1091 1966 1230 2026 nimirum
1255 1965 1322 2024 viae
1347 1964 1386 2024 ad
1410 1965 1570 2041 imperium
1593 1975 1735 2042 paremur

421 2070 525 2148 itaque
550 2071 592 2129 ita
616 2089 679 2130 rem
706 2069 938 2140 administravit,
967 2079 1001 2129 ut
1025 2070 1131 2129 Italiae
1156 2068 1310 2148 provincia
1336 2067 1420 2126 nulla
1446 2067 1637 2126 contermino
1659 2075 1736 2136 essct,

422 2191 441 2232 a
466 2174 553 2232 cuius
578 2173 715 2249 praeside
742 2171 800 2232 sibi
827 2172 956 2242 timeret,
984 2173 1123 2251 regiones
1148 2179 1247 2231 autem
1272 2170 1430 2246 Inalpinas
1455 2188 1522 2228 eum
1543 2171 1643 2229 armis
1663 2169 1735 2246 plane

422 2293 527 2334 vacare
551 2292 610 2335 non
633 2285 772 2352 possent,
799 2292 836 2332 ne
857 2275 998 2333 senatorii
1018 2274 1137 2350 quidem
1159 2273 1273 2332 ordinis
1295 2272 1463 2350 praesidem
1484 2272 1583 2330 ullum
1606 2273 1646 2332 iis
1666 2291 1736 2349 prse-

420 2377 500 2438 fecit.
532 2375 620 2436 Hauc
641 2395 709 2436 esse
730 2375 875 2453 originem
889 2376 1109 2452 provinciarum
1131 2377 1317 2452 exiguarum,
1339 2393 1415 2451 quae
1437 2394 1456 2433 a
1471 2376 1678 2451 septentrione
1690 2373 1735 2431 lta·

421 2481 491 2538 liam
514 2479 710 2552 circumdant,
735 2479 962 2537 constitutarum
985 2479 1040 2537 sub
1062 2479 1302 2554 procuratoribus
1325 2477 1534 2554 praefectisvc,
1564 2495 1736 2553 quamquam

421 2601 476 2642 nec
497 2582 656 2641 Maecenas
677 2581 763 2640 nobis
786 2599 881 2657 neque
902 2581 1038 2659 Agrippa
1059 2581 1201 2652 narravit,
1223 2580 1417 2639 nibilominus
1438 2587 1551 2638 certum
1573 2587 1635 2651 est,
1657 2597 1737 2655 oeque

422 2685 573 2762 egregium
595 2684 803 2743 documentum
824 2684 898 2743 artis
920 2683 1129 2760 imperatoriae
1151 2683 1252 2742 nescio
1273 2683 1382 2759 quibus
1404 2690 1557 2741 auctorum
1581 2681 1662 2740 locis
1681 2683 1737 2739 titu-

420 2786 520 2863 lisque
540 2805 645 2864 parum
667 2793 747 2844 recte
767 2785 925 2845 intellectis
947 2785 1022 2862 eripi
1044 2785 1130 2844 nobis
1152 2785 1306 2862 patiemur.

506 2885 567 2949 Sed
587 2887 717 2948 fortasse
738 2887 953 2947 coniunctionis
975 2886 1062 2947 vallis
1083 2887 1236 2946 Poeninae
1257 2907 1323 2946 cum
1344 2887 1453 2946 Raetia
1473 2895 1635 2964 praeterea
1657 2886 1738 2943 altera

422 3009 513 3050 causa
534 2990 656 3049 accedit.
693 2986 800 3066 Neque
821 2989 899 3048 euim
915 2987 1028 3048 Caesar
1042 2997 1127 3066 pater
1148 2990 1232 3050 solus
1253 2988 1318 3060 fuit,
1339 2989 1392 3065 qui
1412 2989 1547 3047 civitates
1569 2987 1664 3047 vallis
1684 2989 1737 3046 eiua

421 3093 564 3164 vinceret,
588 3092 640 3151 sed
665 3091 747 3150 lilius
772 3109 891 3170 quoque
912 3092 1068 3169 Augustus
1094 3093 1125 3152 in
1153 3092 1284 3169 tropaeis
1313 3091 1377 3149 suis
1403 3090 1537 3167 (Plinius
1557 3090 1591 3148 b.
1609 3111 1640 3150 n.
1656 3089 1738 3163 aaa

423 3195 481 3255 136
505 3219 542 3248 .·=
566 3193 624 3252 vol.
638 3193 664 3254 V
680 3214 709 3252 n.
723 3193 818 3270 7817)
840 3193 917 3253 iuter
938 3195 1065 3272 populos
1088 3194 1217 3270 Alpinos
1236 3212 1300 3252 ase
1312 3193 1443 3252 devictos
1459 3189 1590 3264 Uberos,
1614 3191 1738 3252 Nantua·

420 3305 476 3370 tes,
501 3295 649 3368 Sedunos,
668 3295 821 3373 Varagros
843 3296 1026 3356 adnumerat.
1075 3295 1110 3354 Id
1132 3296 1252 3372 quaudo
1272 3295 1375 3354 lecerit
1396 3312 1462 3353 cum
1483 3313 1583 3353 rerum
1612 3305 1738 3353 auctores

420 3398 691 3471 contradiderint,
718 3397 875 3458 admodum
898 3398 1055 3476 probabile
1079 3406 1126 3456 est
1145 3398 1302 3457 Raeticum
1328 3395 1438 3456 bellurn
1459 3415 1488 3455 a.
1504 3395 1565 3454 739
1592 3397 1685 3456 etiam
1708 3393 1739 3453 sd

420 3501 531 3562 vallem
552 3500 717 3560 Poeninum
743 3501 932 3578 pertinuisse.
974 3501 1011 3560 ld
1037 3499 1064 3560 si
1084 3500 1128 3558 ita
1148 3500 1213 3572 luit,
1238 3508 1469 3558 consentaneum
1489 3506 1538 3556 est
1557 3498 1661 3578 legem
1681 3517 1738 3575 pro

420 3603 535 3664 'vinciae
556 3602 782 3663 constituendae
804 3601 1024 3679 quodammodo
1040 3621 1059 3660 a
1073 3602 1198 3661 victoris
1219 3601 1271 3660 illa
1290 3601 1431 3660 dictatam
1453 3617 1530 3659 esse.
1566 3599 1654 3675 Quid
1669 3598 1738 3677 quod

420 3704 602 3782 Drusomagi
624 3704 725 3782 oppidi
746 3705 924 3764 vocabulum
947 3723 1007 3764 non
1029 3704 1093 3764 siue
1115 3704 1215 3779 specie
1239 3703 1302 3762 veri
1328 3703 1368 3762 ad
1393 3702 1423 3762 id
1448 3703 1548 3780 ipsum
1569 3702 1683 3762 bellum
1701 3719 1737 3758 re

419 3807 584 3870 vocabitur.

593 4121 748 4219 XXX.
807 4119 983 4217 OOGN
985 4119 1197 4217 OMINA
1226 4119 1511 4216 AFRICAN
1512 4120 1571 4216 A.

422 4295 423 4300 ἵ
504 4313 614 4387 Nobis,
636 4315 744 4392 quibus
766 4333 826 4374 uon
848 4315 878 4372 in
893 4315 972 4374 votis
995 4315 1124 4390 quidem,
1146 4313 1199 4374 sed
1220 4315 1251 4372 in
1270 4312 1419 4386 satisfuit,
1440 4321 1474 4372 ut
1494 4321 1625 4374 aetatm
1648 4314 1737 4389 exiga-

419 4435 519 4478 remus
540 4419 572 4478 iu
593 4418 726 4494 parando
747 4417 842 4494 magis
863 4435 952 4493 quarn
975 4416 1086 4475 utendo
1107 4425 1253 4495 apparatu
1275 4416 1477 4494 epigrapbico‚
1499 4435 1567 4476 cum
1588 4434 1687 4494 nuper
1700 4417 1737 4472 iu-

419 4521 494 4579 dicis
515 4519 726 4597 cognominum
748 4518 957 4578 Africanorum
980 4517 1156 4578 conficiendi
1178 4535 1285 4578 munus
1305 4518 1477 4596 impositum
1502 4527 1594 4590 esset,
1616 4519 1736 4576 admira·

418 4623 530 4682 tionem
553 4622 646 4681 morit
666 4639 770 4680 eorum
792 4638 868 4696 quas
889 4621 920 4680 in
942 4639 1025 4680 -oaus
1039 4621 1087 4680 vel
1104 4638 1172 4678 -oao
1192 4621 1335 4680 liniuntur
1357 4621 1494 4679 condicio
1515 4629 1546 4680 et
1566 4621 1735 4698 proprietas

418 4725 516 4784 Missa
536 4724 663 4782 facimus
686 4732 804 4798 praeter
826 4742 863 4781 ea
883 4741 961 4800 quae
982 4723 1169 4800 corruptelae
1191 4730 1332 4799 suspecte
1351 4730 1421 4780 sunt
1438 4731 1468 4781 et
1482 4723 1630 4781 adiret-iva
1646 4723 1678 4778 in
1692 4738 1735 4777 ne

418 4828 530 4886 minum
552 4825 650 4884 locum
665 4824 833 4902 adsumpta,
848 4834 882 4884 ut
894 4825 997 4902 sunt¹)
1013 4823 1182 4896 iEuitr'oaue
1194 4859 1233 4870 -—
1245 4807 1423 4885 Fructuosus
1436 4823 1495 4900 (2),
1506 4823 1671 4883 Fnrctrroso
1685 4821 1735 4898 (2),

419 4930 569 4999 Fructcsu,
583 4927 710 4987 Frutosa
732 4961 770 4970 -
797 4927 967 4998 Generosos,
986 4926 1130 4986 Generosa
1150 4927 1198 5005 (2)
1219 4961 1257 4971 -
1278 4924 1463 4999 †Gratiosua
1486 4960 1524 4970 —
1548 4925 1673 4990 Gulosus
1693 4925 1734 5000 (3)

419 5064 456 5073 -
480 5031 655 5107 Imperiosus
678 5065 715 5075 —
738 5030 919 5106 lupertiacus,
941 5031 1094 5106 Iupeoioso
1116 5062 1154 5072 —
1171 5029 1318 5090 Luctuosc
1337 5063 1379 5072 -
1394 5029 1577 5089 Musculorus
1600 5064 1638 5074 —
1658 5029 1734 5087 Porr-

495 5270 518 5334 ¹)
546 5272 674 5323 Numeros
691 5273 822 5323 titulorum
841 5289 894 5324 non
913 5274 1094 5340 adscripsimus
1113 5273 1239 5339 petendos
1255 5289 1288 5323 ex
1302 5274 1359 5338 lpso
1376 5273 1422 5324 lllo
1441 5273 1540 5337 iodios3
1560 5273 1733 5340 adacfipsim

418 5363 439 5414 ri
459 5377 509 5428 qur
527 5365 653 5417 voeabula
671 5366 773 5430 saepius
791 5361 906 5417 redeunt.
935 5367 1006 5420 Gmx
1025 5374 1195 5418 antenomeu
1214 5365 1552 5432 Christianam-distinguit.
