<?xml version="1.0" encoding="UTF-8"?>
<!DOCTYPE html PUBLIC "-//W3C//DTD XHTML 1.0 Transitional//EN"
    "http://www.w3.org/TR/xhtml1/DTD/xhtml1-transitional.dtd">
<html xmlns="http://www.w3.org/1999/xhtml" xml:lang="en" lang="en">
 <head>
  <title>
</title>
<meta http-equiv="Content-Type" content="text/html;charset=utf-8" />
  <meta name='ocr-system' content='tesseract 3.04.00' />
  <meta name='ocr-capabilities' content='ocr_page ocr_carea ocr_par ocr_line ocrx_word'/>
</head>
<body>
  <div class='ocr_page' id='page_1' title='image "./ephemerisepigra04henzgoog/ephemerisepigra04henzgoog_0433.png"; bbox 0 0 3684 5984; ppageno 0'>
   <div class='ocr_carea' id='block_1_1' title="bbox 415 564 1139 638">
    <p class='ocr_par' dir='ltr' id='par_1_1' title="bbox 415 564 1139 638">
     <span class='ocr_line' id='line_1_1' title="bbox 415 564 1139 638; baseline -0.007 -2"><span class='ocrx_word' id='word_1_1' title='bbox 415 564 488 638; x_wconf 84' lang='lat'>418</span> <span class='ocrx_word' id='word_1_2' title='bbox 1018 581 1139 632; x_wconf 78' lang='lat' dir='ltr'>cavus</span> 
     </span>
    </p>
   </div>
   <div class='ocr_carea' id='block_1_2' title="bbox 415 753 1752 1113">
    <p class='ocr_par' dir='ltr' id='par_1_2' title="bbox 415 753 1752 1113">
     <span class='ocr_line' id='line_1_2' title="bbox 478 753 1751 832; baseline -0.004 -16"><span class='ocrx_word' id='word_1_3' title='bbox 478 757 527 817; x_wconf 88' lang='grc'>85.</span> <span class='ocrx_word' id='word_1_4' title='bbox 560 757 697 832; x_wconf 89' lang='lat' dir='ltr'>coh(ors)</span> <span class='ocrx_word' id='word_1_5' title='bbox 712 758 728 814; x_wconf 92' lang='lat'>1</span> <span class='ocrx_word' id='word_1_6' title='bbox 741 755 976 832; x_wconf 86' lang='lat' dir='ltr'>Helve(tiorum)</span> <span class='ocrx_word' id='word_1_7' title='bbox 993 763 1023 815; x_wconf 85' lang='lat' dir='ltr'>et</span> <span class='ocrx_word' id='word_1_8' title='bbox 1037 754 1236 831; x_wconf 89' lang='lat' dir='ltr'>Brit(tonum)</span> <span class='ocrx_word' id='word_1_9' title='bbox 1260 753 1549 830; x_wconf 86' lang='lat' dir='ltr'>Aure(lianensium)</span> <span class='ocrx_word' id='word_1_10' title='bbox 1570 755 1628 814; x_wconf 90' lang='lat' dir='ltr'>sub</span> <span class='ocrx_word' id='word_1_11' title='bbox 1650 753 1751 829; x_wconf 87' lang='lat' dir='ltr'>cnr(a)</span> 
     </span>
     <span class='ocr_line' id='line_1_3' title="bbox 415 855 1752 936; baseline -0.01 -16"><span class='ocrx_word' id='word_1_12' title='bbox 415 858 442 922; x_wconf 74' lang='lat' dir='ltr'>,C</span> <span class='ocrx_word' id='word_1_13' title='bbox 446 903 600 920; x_wconf 87' lang='lat'><strong>......</strong></span> <span class='ocrx_word' id='word_1_14' title='bbox 621 859 667 918; x_wconf 84' lang='lat' dir='ltr'>titi</span> <span class='ocrx_word' id='word_1_15' title='bbox 691 859 795 936; x_wconf 80' lang='lat' dir='ltr'>s(ing).</span> <span class='ocrx_word' id='word_1_16' title='bbox 820 859 901 935; x_wconf 87' lang='lat' dir='ltr'>[l]eg.</span> <span class='ocrx_word' id='word_1_17' title='bbox 924 877 963 916; x_wconf 87' lang='lat' dir='ltr'>ex</span> <span class='ocrx_word' id='word_1_18' title='bbox 985 876 1046 916; x_wconf 84' lang='lat' dir='ltr'>eor.</span> <span class='ocrx_word' id='word_1_19' title='bbox 1071 890 1112 900; x_wconf 95' lang='lat'><em>-</em></span> <span class='ocrx_word' id='word_1_20' title='bbox 1140 875 1220 924; x_wconf 86' lang='lat' dir='ltr'>prope</span> <span class='ocrx_word' id='word_1_21' title='bbox 1242 855 1382 923; x_wconf 79' lang='lat' dir='ltr'>Oebriuqea</span> <span class='ocrx_word' id='word_1_22' title='bbox 1401 860 1428 909; x_wconf 92' lang='lat' dir='ltr'>ia</span> <span class='ocrx_word' id='word_1_23' title='bbox 1447 859 1752 924; x_wconf 81' lang='lat' dir='ltr'>reguoWuertemberg.</span> 
     </span>
     <span class='ocr_line' id='line_1_4' title="bbox 416 963 1643 1030; baseline -0.007 -16"><span class='ocrx_word' id='word_1_24' title='bbox 416 963 522 1022; x_wconf 82' lang='lat' dir='ltr'>Bramb.</span> <span class='ocrx_word' id='word_1_25' title='bbox 545 964 624 1014; x_wconf 83' lang='grc'>1559.</span> <span class='ocrx_word' id='word_1_26' title='bbox 646 964 725 1013; x_wconf 84' lang='grc'>1560.</span> <span class='ocrx_word' id='word_1_27' title='bbox 1640 1027 1643 1030; x_wconf 21' lang='lat'>¹</span> 
     </span>
     <span class='ocr_line' id='line_1_5' title="bbox 416 1049 1752 1113; baseline -0.003 -1"><span class='ocrx_word' id='word_1_28' title='bbox 416 1052 494 1112; x_wconf 87' lang='lat' dir='ltr'>Nam</span> <span class='ocrx_word' id='word_1_29' title='bbox 517 1055 547 1112; x_wconf 91' lang='lat' dir='ltr'>in</span> <span class='ocrx_word' id='word_1_30' title='bbox 569 1054 617 1113; x_wconf 91' lang='lat' dir='ltr'>his</span> <span class='ocrx_word' id='word_1_31' title='bbox 639 1054 782 1112; x_wconf 91' lang='lat' dir='ltr'>incertum</span> <span class='ocrx_word' id='word_1_32' title='bbox 806 1063 852 1111; x_wconf 89' lang='lat' dir='ltr'>est</span> <span class='ocrx_word' id='word_1_33' title='bbox 879 1063 976 1110; x_wconf 81' lang='lat' dir='ltr'>uuum</span> <span class='ocrx_word' id='word_1_34' title='bbox 1003 1053 1190 1112; x_wconf 83' lang='lat' dir='ltr'><strong>cornicularii</strong></span> <span class='ocrx_word' id='word_1_35' title='bbox 1217 1071 1257 1110; x_wconf 90' lang='lat' dir='ltr'>an</span> <span class='ocrx_word' id='word_1_36' title='bbox 1283 1049 1448 1110; x_wconf 77' lang='lat' dir='ltr'>cornicines</span> <span class='ocrx_word' id='word_1_37' title='bbox 1470 1059 1752 1110; x_wconf 84' lang='lat' dir='ltr'>commemorentur.</span> 
     </span>
    </p>
   </div>
   <div class='ocr_carea' id='block_1_3' title="bbox 350 1153 1813 4917">
    <p class='ocr_par' dir='ltr' id='par_1_3' title="bbox 350 1153 1813 4917">
     <span class='ocr_line' id='line_1_6' title="bbox 500 1153 1753 1232; baseline 0 -20"><span class='ocrx_word' id='word_1_38' title='bbox 500 1155 564 1214; x_wconf 90' lang='lat' dir='ltr'>lam</span> <span class='ocrx_word' id='word_1_39' title='bbox 586 1157 613 1214; x_wconf 89' lang='lat' dir='ltr'>si</span> <span class='ocrx_word' id='word_1_40' title='bbox 634 1156 815 1232; x_wconf 79' lang='lat' dir='ltr'>quaerimus,</span> <span class='ocrx_word' id='word_1_41' title='bbox 838 1174 898 1232; x_wconf 92' lang='lat' dir='ltr'>qua</span> <span class='ocrx_word' id='word_1_42' title='bbox 920 1156 1034 1214; x_wconf 86' lang='lat' dir='ltr'>ratione</span> <span class='ocrx_word' id='word_1_43' title='bbox 1056 1155 1243 1215; x_wconf 82' lang='lat' dir='ltr'>cornicularii</span> <span class='ocrx_word' id='word_1_44' title='bbox 1260 1174 1312 1232; x_wconf 90' lang='lat' dir='ltr'>per</span> <span class='ocrx_word' id='word_1_45' title='bbox 1326 1160 1429 1230; x_wconf 88' lang='lat' dir='ltr'>partes</span> <span class='ocrx_word' id='word_1_46' title='bbox 1445 1153 1580 1212; x_wconf 77' lang='lat' dir='ltr'>diversas</span> <span class='ocrx_word' id='word_1_47' title='bbox 1596 1153 1753 1212; x_wconf 84' lang='lat' dir='ltr'>exercitus</span> 
     </span>
     <span class='ocr_line' id='line_1_7' title="bbox 419 1256 1753 1332; baseline -0.004 -14"><span class='ocrx_word' id='word_1_48' title='bbox 419 1259 545 1318; x_wconf 85' lang='lat' dir='ltr'>Romani</span> <span class='ocrx_word' id='word_1_49' title='bbox 569 1259 719 1317; x_wconf 82' lang='lat' dir='ltr'>distributi</span> <span class='ocrx_word' id='word_1_50' title='bbox 740 1258 859 1330; x_wconf 87' lang='lat' dir='ltr'>fuerint,</span> <span class='ocrx_word' id='word_1_51' title='bbox 880 1259 1043 1316; x_wconf 86' lang='lat' dir='ltr'>cavendum</span> <span class='ocrx_word' id='word_1_52' title='bbox 1067 1267 1121 1332; x_wconf 87' lang='lat' dir='ltr'>est,</span> <span class='ocrx_word' id='word_1_53' title='bbox 1144 1277 1181 1316; x_wconf 92' lang='lat' dir='ltr'>ne</span> <span class='ocrx_word' id='word_1_54' title='bbox 1203 1258 1247 1316; x_wconf 90' lang='lat' dir='ltr'>eis</span> <span class='ocrx_word' id='word_1_55' title='bbox 1270 1257 1365 1315; x_wconf 88' lang='lat' dir='ltr'>titulis</span> <span class='ocrx_word' id='word_1_56' title='bbox 1389 1256 1582 1332; x_wconf 91' lang='lat' dir='ltr'>decipiamur,</span> <span class='ocrx_word' id='word_1_57' title='bbox 1604 1259 1753 1332; x_wconf 87' lang='lat' dir='ltr'>equibus</span> 
     </span>
     <span class='ocr_line' id='line_1_8' title="bbox 420 1357 1755 1436; baseline -0.001 -16"><span class='ocrx_word' id='word_1_58' title='bbox 420 1369 502 1420; x_wconf 88' lang='lat' dir='ltr'>certa</span> <span class='ocrx_word' id='word_1_59' title='bbox 523 1361 599 1418; x_wconf 89' lang='lat' dir='ltr'>ratio</span> <span class='ocrx_word' id='word_1_60' title='bbox 621 1361 840 1420; x_wconf 84' lang='lat' dir='ltr'>distributionis</span> <span class='ocrx_word' id='word_1_61' title='bbox 867 1361 983 1418; x_wconf 83' lang='lat' dir='ltr'>elucere</span> <span class='ocrx_word' id='word_1_62' title='bbox 1009 1361 1105 1436; x_wconf 91' lang='lat' dir='ltr'>primo</span> <span class='ocrx_word' id='word_1_63' title='bbox 1133 1360 1237 1419; x_wconf 88' lang='lat' dir='ltr'>obtutu</span> <span class='ocrx_word' id='word_1_64' title='bbox 1266 1359 1390 1418; x_wconf 83' lang='lat' dir='ltr'>uidetur.</span> <span class='ocrx_word' id='word_1_65' title='bbox 1434 1357 1511 1416; x_wconf 89' lang='lat' dir='ltr'>Nam</span> <span class='ocrx_word' id='word_1_66' title='bbox 1539 1377 1605 1416; x_wconf 94' lang='lat' dir='ltr'>cum</span> <span class='ocrx_word' id='word_1_67' title='bbox 1634 1359 1755 1418; x_wconf 90' lang='lat' dir='ltr'>titulum</span> 
     </span>
     <span class='ocr_line' id='line_1_9' title="bbox 420 1461 1754 1540; baseline -0.001 -18"><span class='ocrx_word' id='word_1_68' title='bbox 420 1461 636 1522; x_wconf 88' lang='lat' dir='ltr'>Carnuntinum</span> <span class='ocrx_word' id='word_1_69' title='bbox 652 1483 681 1522; x_wconf 87' lang='lat' dir='ltr'>n.</span> <span class='ocrx_word' id='word_1_70' title='bbox 695 1461 732 1520; x_wconf 85' lang='grc'>67</span> <span class='ocrx_word' id='word_1_71' title='bbox 753 1461 825 1539; x_wconf 88' lang='grc' dir='ltr'><strong>(ΙΙΙ,</strong></span> <span class='ocrx_word' id='word_1_72' title='bbox 837 1461 932 1538; x_wconf 87' lang='grc'>4452)</span> <span class='ocrx_word' id='word_1_73' title='bbox 954 1462 1109 1540; x_wconf 85' lang='lat' dir='ltr'>posuerint</span> <span class='ocrx_word' id='word_1_74' title='bbox 1122 1463 1212 1522; x_wconf 90' lang='lat' dir='ltr'>trium</span> <span class='ocrx_word' id='word_1_75' title='bbox 1228 1461 1379 1540; x_wconf 88' lang='lat' dir='ltr'>legionum</span> <span class='ocrx_word' id='word_1_76' title='bbox 1395 1469 1454 1520; x_wconf 89' lang='lat' dir='ltr'>tres</span> <span class='ocrx_word' id='word_1_77' title='bbox 1471 1461 1665 1520; x_wconf 81' lang='lat' dir='ltr'>cornicularii</span> <span class='ocrx_word' id='word_1_78' title='bbox 1687 1482 1754 1520; x_wconf 88' lang='lat' dir='ltr'>eum</span> 
     </span>
     <span class='ocr_line' id='line_1_10' title="bbox 419 1563 1755 1642; baseline -0.001 -19"><span class='ocrx_word' id='word_1_79' title='bbox 419 1565 515 1624; x_wconf 90' lang='lat' dir='ltr'>tribus</span> <span class='ocrx_word' id='word_1_80' title='bbox 535 1565 851 1624; x_wconf 82' lang='lat' dir='ltr'>commentariensibus</span> <span class='ocrx_word' id='word_1_81' title='bbox 872 1573 902 1624; x_wconf 90' lang='lat' dir='ltr'>et</span> <span class='ocrx_word' id='word_1_82' title='bbox 921 1565 1042 1642; x_wconf 88' lang='lat' dir='ltr'>triginta</span> <span class='ocrx_word' id='word_1_83' title='bbox 1063 1565 1313 1642; x_wconf 82' lang='lat' dir='ltr'>speculatoribus,</span> <span class='ocrx_word' id='word_1_84' title='bbox 1339 1563 1397 1622; x_wconf 90' lang='lat' dir='ltr'>hoo</span> <span class='ocrx_word' id='word_1_85' title='bbox 1418 1564 1534 1640; x_wconf 90' lang='lat' dir='ltr'>quidem</span> <span class='ocrx_word' id='word_1_86' title='bbox 1557 1571 1677 1623; x_wconf 89' lang='lat' dir='ltr'>certum</span> <span class='ocrx_word' id='word_1_87' title='bbox 1700 1574 1755 1636; x_wconf 82' lang='lat' dir='ltr'>est,</span> 
     </span>
     <span class='ocr_line' id='line_1_11' title="bbox 419 1665 1754 1744; baseline 0 -18"><span class='ocrx_word' id='word_1_88' title='bbox 419 1669 450 1726; x_wconf 91' lang='lat' dir='ltr'>in</span> <span class='ocrx_word' id='word_1_89' title='bbox 472 1669 597 1744; x_wconf 90' lang='lat' dir='ltr'>singulis</span> <span class='ocrx_word' id='word_1_90' title='bbox 619 1668 783 1744; x_wconf 83' lang='lat' dir='ltr'>legionibus</span> <span class='ocrx_word' id='word_1_91' title='bbox 803 1667 936 1744; x_wconf 89' lang='lat' dir='ltr'>singulos</span> <span class='ocrx_word' id='word_1_92' title='bbox 957 1677 984 1726; x_wconf 90' lang='lat' dir='ltr'>et</span> <span class='ocrx_word' id='word_1_93' title='bbox 1002 1667 1095 1726; x_wconf 90' lang='lat' dir='ltr'>denos</span> <span class='ocrx_word' id='word_1_94' title='bbox 1111 1667 1213 1726; x_wconf 85' lang='lat' dir='ltr'>fuisse.</span> <span class='ocrx_word' id='word_1_95' title='bbox 1251 1669 1293 1726; x_wconf 86' lang='lat' dir='ltr'>At</span> <span class='ocrx_word' id='word_1_96' title='bbox 1308 1667 1408 1725; x_wconf 88' lang='lat' dir='ltr'>obstat</span> <span class='ocrx_word' id='word_1_97' title='bbox 1423 1665 1523 1725; x_wconf 89' lang='lat' dir='ltr'>titulus</span> <span class='ocrx_word' id='word_1_98' title='bbox 1539 1666 1754 1726; x_wconf 84' lang='lat' dir='ltr'>Tarraconen·</span> 
     </span>
     <span class='ocr_line' id='line_1_12' title="bbox 420 1769 1755 1846; baseline 0 -19"><span class='ocrx_word' id='word_1_99' title='bbox 420 1769 463 1828; x_wconf 84' lang='lat' dir='ltr'>sis</span> <span class='ocrx_word' id='word_1_100' title='bbox 477 1791 505 1828; x_wconf 91' lang='grc' dir='ltr'>ιι.</span> <span class='ocrx_word' id='word_1_101' title='bbox 524 1770 541 1828; x_wconf 89' lang='lat'><strong>6</strong></span> <span class='ocrx_word' id='word_1_102' title='bbox 559 1769 613 1845; x_wconf 85' lang='lat' dir='ltr'>(ll,</span> <span class='ocrx_word' id='word_1_103' title='bbox 629 1769 735 1846; x_wconf 86' lang='grc'>4122),</span> <span class='ocrx_word' id='word_1_104' title='bbox 750 1789 837 1846; x_wconf 89' lang='lat' dir='ltr'>quem</span> <span class='ocrx_word' id='word_1_105' title='bbox 852 1770 952 1846; x_wconf 88' lang='lat' dir='ltr'>ipsum</span> <span class='ocrx_word' id='word_1_106' title='bbox 967 1787 1086 1846; x_wconf 89' lang='lat' dir='ltr'>quoque</span> <span class='ocrx_word' id='word_1_107' title='bbox 1101 1770 1290 1828; x_wconf 80' lang='lat' dir='ltr'>cornicularii</span> <span class='ocrx_word' id='word_1_108' title='bbox 1303 1789 1370 1836; x_wconf 86' lang='lat' dir='ltr'>cum</span> <span class='ocrx_word' id='word_1_109' title='bbox 1386 1770 1711 1829; x_wconf 80' lang='lat' dir='ltr'>commentariensibus</span> <span class='ocrx_word' id='word_1_110' title='bbox 1729 1787 1755 1829; x_wconf 78' lang='lat' dir='ltr'>er</span> 
     </span>
     <span class='ocr_line' id='line_1_13' title="bbox 420 1871 1755 1950; baseline -0.001 -17"><span class='ocrx_word' id='word_1_111' title='bbox 420 1873 658 1948; x_wconf 84' lang='lat' dir='ltr'>speculatoribus</span> <span class='ocrx_word' id='word_1_112' title='bbox 680 1881 856 1950; x_wconf 89' lang='lat' dir='ltr'>posuerunt;</span> <span class='ocrx_word' id='word_1_113' title='bbox 879 1881 909 1929; x_wconf 89' lang='lat' dir='ltr'>ct</span> <span class='ocrx_word' id='word_1_114' title='bbox 930 1872 960 1929; x_wconf 93' lang='lat' dir='ltr'>bi</span> <span class='ocrx_word' id='word_1_115' title='bbox 982 1871 1100 1948; x_wconf 90' lang='lat' dir='ltr'>quidem</span> <span class='ocrx_word' id='word_1_116' title='bbox 1123 1873 1222 1931; x_wconf 88' lang='lat' dir='ltr'>decem</span> <span class='ocrx_word' id='word_1_117' title='bbox 1244 1881 1322 1944; x_wconf 91' lang='lat' dir='ltr'>sunt,</span> <span class='ocrx_word' id='word_1_118' title='bbox 1344 1871 1629 1931; x_wconf 85' lang='lat' dir='ltr'>commentarienses</span> <span class='ocrx_word' id='word_1_119' title='bbox 1652 1883 1755 1932; x_wconf 88' lang='lat' dir='ltr'>autem</span> 
     </span>
     <span class='ocr_line' id='line_1_14' title="bbox 420 1973 1754 2050; baseline 0 -18"><span class='ocrx_word' id='word_1_120' title='bbox 420 1983 451 2032; x_wconf 89' lang='lat' dir='ltr'>et</span> <span class='ocrx_word' id='word_1_121' title='bbox 477 1975 666 2034; x_wconf 89' lang='lat' dir='ltr'>cornicularii</span> <span class='ocrx_word' id='word_1_122' title='bbox 696 1975 767 2032; x_wconf 92' lang='lat' dir='ltr'>bini.</span> <span class='ocrx_word' id='word_1_123' title='bbox 817 1973 916 2032; x_wconf 89' lang='lat' dir='ltr'>Huius</span> <span class='ocrx_word' id='word_1_124' title='bbox 944 1973 1126 2032; x_wconf 87' lang='lat' dir='ltr'>diversitatis</span> <span class='ocrx_word' id='word_1_125' title='bbox 1155 1994 1190 2032; x_wconf 87' lang='lat' dir='ltr'>ea</span> <span class='ocrx_word' id='word_1_126' title='bbox 1216 1992 1309 2033; x_wconf 85' lang='lat' dir='ltr'>causa</span> <span class='ocrx_word' id='word_1_127' title='bbox 1334 1983 1395 2044; x_wconf 90' lang='lat' dir='ltr'>est,</span> <span class='ocrx_word' id='word_1_128' title='bbox 1424 1973 1518 2050; x_wconf 89' lang='lat' dir='ltr'>quod,</span> <span class='ocrx_word' id='word_1_129' title='bbox 1548 1975 1598 2050; x_wconf 91' lang='lat' dir='ltr'>qui</span> <span class='ocrx_word' id='word_1_130' title='bbox 1630 1976 1754 2032; x_wconf 88' lang='lat' dir='ltr'>titulum</span> 
     </span>
     <span class='ocr_line' id='line_1_15' title="bbox 419 2075 1756 2154; baseline -0.004 -14"><span class='ocrx_word' id='word_1_131' title='bbox 419 2078 626 2140; x_wconf 88' lang='lat' dir='ltr'>Pannonicum</span> <span class='ocrx_word' id='word_1_132' title='bbox 643 2075 800 2136; x_wconf 88' lang='lat' dir='ltr'>Caracallo</span> <span class='ocrx_word' id='word_1_133' title='bbox 823 2086 995 2153; x_wconf 90' lang='lat' dir='ltr'>posuerunt,</span> <span class='ocrx_word' id='word_1_134' title='bbox 1018 2076 1207 2135; x_wconf 87' lang='lat' dir='ltr'>cornicularii</span> <span class='ocrx_word' id='word_1_135' title='bbox 1227 2077 1380 2154; x_wconf 89' lang='lat' dir='ltr'>legionum</span> <span class='ocrx_word' id='word_1_136' title='bbox 1402 2076 1547 2148; x_wconf 90' lang='lat' dir='ltr'>dicuntur,</span> <span class='ocrx_word' id='word_1_137' title='bbox 1570 2077 1622 2153; x_wconf 93' lang='lat' dir='ltr'>qui</span> <span class='ocrx_word' id='word_1_138' title='bbox 1638 2077 1756 2154; x_wconf 91' lang='lat' dir='ltr'>Hispa-</span> 
     </span>
     <span class='ocr_line' id='line_1_16' title="bbox 420 2177 1757 2256; baseline -0.001 -16"><span class='ocrx_word' id='word_1_139' title='bbox 420 2182 553 2240; x_wconf 90' lang='lat' dir='ltr'>niensem</span> <span class='ocrx_word' id='word_1_140' title='bbox 581 2177 618 2253; x_wconf 88' lang='lat' dir='ltr'>Q.</span> <span class='ocrx_word' id='word_1_141' title='bbox 647 2178 746 2237; x_wconf 89' lang='lat' dir='ltr'>Hedio</span> <span class='ocrx_word' id='word_1_142' title='bbox 772 2177 914 2236; x_wconf 88' lang='lat' dir='ltr'>Lolliano</span> <span class='ocrx_word' id='word_1_143' title='bbox 941 2178 1041 2255; x_wconf 88' lang='lat' dir='ltr'>legato</span> <span class='ocrx_word' id='word_1_144' title='bbox 1068 2181 1276 2255; x_wconf 81' lang='lat' dir='ltr'>Augustorum</span> <span class='ocrx_word' id='word_1_145' title='bbox 1303 2199 1348 2256; x_wconf 94' lang='lat' dir='ltr'>pr.</span> <span class='ocrx_word' id='word_1_146' title='bbox 1372 2198 1416 2254; x_wconf 90' lang='lat' dir='ltr'>pr.</span> <span class='ocrx_word' id='word_1_147' title='bbox 1443 2180 1615 2256; x_wconf 80' lang='lat' dir='ltr'>provinciae</span> <span class='ocrx_word' id='word_1_148' title='bbox 1638 2179 1757 2256; x_wconf 87' lang='lat' dir='ltr'>Hispa-</span> 
     </span>
     <span class='ocr_line' id='line_1_17' title="bbox 421 2279 1756 2358; baseline 0 -18"><span class='ocrx_word' id='word_1_149' title='bbox 421 2283 488 2358; x_wconf 87' lang='lat' dir='ltr'>niae</span> <span class='ocrx_word' id='word_1_150' title='bbox 509 2281 665 2352; x_wconf 86' lang='lat' dir='ltr'>citerioris,</span> <span class='ocrx_word' id='word_1_151' title='bbox 687 2280 825 2340; x_wconf 88' lang='lat' dir='ltr'>dicuntur</span> <span class='ocrx_word' id='word_1_152' title='bbox 846 2281 1033 2340; x_wconf 88' lang='lat' dir='ltr'>cornicularii</span> <span class='ocrx_word' id='word_1_153' title='bbox 1055 2281 1128 2340; x_wconf 87' lang='lat' dir='ltr'>eius.</span> <span class='ocrx_word' id='word_1_154' title='bbox 1167 2279 1255 2354; x_wconf 84' lang='lat' dir='ltr'>Quod</span> <span class='ocrx_word' id='word_1_155' title='bbox 1271 2281 1297 2339; x_wconf 90' lang='lat' dir='ltr'>si</span> <span class='ocrx_word' id='word_1_156' title='bbox 1311 2301 1415 2340; x_wconf 91' lang='lat' dir='ltr'>verum</span> <span class='ocrx_word' id='word_1_157' title='bbox 1430 2291 1485 2353; x_wconf 87' lang='lat' dir='ltr'>est,</span> <span class='ocrx_word' id='word_1_158' title='bbox 1501 2282 1580 2357; x_wconf 91' lang='lat' dir='ltr'>quod</span> <span class='ocrx_word' id='word_1_159' title='bbox 1595 2284 1756 2358; x_wconf 84' lang='lat' dir='ltr'>probabile</span> 
     </span>
     <span class='ocr_line' id='line_1_18' title="bbox 422 2383 1757 2462; baseline -0.001 -18"><span class='ocrx_word' id='word_1_160' title='bbox 422 2385 547 2458; x_wconf 83' lang='lat' dir='ltr'>¹uidetur,</span> <span class='ocrx_word' id='word_1_161' title='bbox 562 2385 768 2443; x_wconf 89' lang='lat' dir='ltr'>beneficiarios</span> <span class='ocrx_word' id='word_1_162' title='bbox 780 2391 809 2441; x_wconf 90' lang='lat' dir='ltr'>et</span> <span class='ocrx_word' id='word_1_163' title='bbox 821 2383 1034 2443; x_wconf 87' lang='lat' dir='ltr'>cornicularius</span> <span class='ocrx_word' id='word_1_164' title='bbox 1049 2385 1100 2460; x_wconf 92' lang='lat' dir='ltr'>qui</span> <span class='ocrx_word' id='word_1_165' title='bbox 1116 2383 1290 2460; x_wconf 88' lang='lat' dir='ltr'>simpliciter</span> <span class='ocrx_word' id='word_1_166' title='bbox 1304 2383 1453 2462; x_wconf 88' lang='lat' dir='ltr'>legionum</span> <span class='ocrx_word' id='word_1_167' title='bbox 1468 2385 1606 2444; x_wconf 89' lang='lat' dir='ltr'>dicuntur</span> <span class='ocrx_word' id='word_1_168' title='bbox 1617 2385 1678 2443; x_wconf 92' lang='lat' dir='ltr'>boe</span> <span class='ocrx_word' id='word_1_169' title='bbox 1695 2407 1757 2442; x_wconf 91' lang='lat' dir='ltr'>mu·</span> 
     </span>
     <span class='ocr_line' id='line_1_19' title="bbox 422 2485 1759 2563; baseline 0 -17"><span class='ocrx_word' id='word_1_170' title='bbox 422 2507 493 2546; x_wconf 88' lang='lat' dir='ltr'>nere</span> <span class='ocrx_word' id='word_1_171' title='bbox 509 2487 588 2563; x_wconf 87' lang='lat' dir='ltr'>apud</span> <span class='ocrx_word' id='word_1_172' title='bbox 602 2486 718 2563; x_wconf 88' lang='lat' dir='ltr'>legatos</span> <span class='ocrx_word' id='word_1_173' title='bbox 733 2485 883 2562; x_wconf 87' lang='lat' dir='ltr'>legionum</span> <span class='ocrx_word' id='word_1_174' title='bbox 899 2487 1017 2545; x_wconf 90' lang='lat' dir='ltr'>functos</span> <span class='ocrx_word' id='word_1_175' title='bbox 1031 2505 1108 2558; x_wconf 87' lang='lat' dir='ltr'>esse,</span> <span class='ocrx_word' id='word_1_176' title='bbox 1124 2498 1241 2562; x_wconf 87' lang='lat' dir='ltr'>praeter</span> <span class='ocrx_word' id='word_1_177' title='bbox 1253 2486 1328 2544; x_wconf 91' lang='lat' dir='ltr'>duos</span> <span class='ocrx_word' id='word_1_178' title='bbox 1341 2486 1419 2556; x_wconf 89' lang='lat' dir='ltr'>illos,</span> <span class='ocrx_word' id='word_1_179' title='bbox 1436 2487 1528 2561; x_wconf 91' lang='lat' dir='ltr'>quiin</span> <span class='ocrx_word' id='word_1_180' title='bbox 1542 2487 1630 2544; x_wconf 90' lang='lat' dir='ltr'>titulo</span> <span class='ocrx_word' id='word_1_181' title='bbox 1643 2487 1759 2546; x_wconf 86' lang='lat' dir='ltr'>Tarra-</span> 
     </span>
     <span class='ocr_line' id='line_1_20' title="bbox 423 2588 1758 2666; baseline 0 -18"><span class='ocrx_word' id='word_1_182' title='bbox 423 2589 543 2648; x_wconf 91' lang='lat' dir='ltr'>conensi</span> <span class='ocrx_word' id='word_1_183' title='bbox 564 2596 844 2658; x_wconf 86' lang='lat' dir='ltr'>commemorantur,</span> <span class='ocrx_word' id='word_1_184' title='bbox 872 2589 1085 2648; x_wconf 90' lang='lat' dir='ltr'>cornicularius</span> <span class='ocrx_word' id='word_1_185' title='bbox 1112 2588 1203 2666; x_wconf 84' lang='lat' dir='ltr'>legati</span> <span class='ocrx_word' id='word_1_186' title='bbox 1227 2589 1357 2665; x_wconf 79' lang='lat' dir='ltr'>Augusti</span> <span class='ocrx_word' id='word_1_187' title='bbox 1378 2608 1422 2665; x_wconf 90' lang='lat' dir='ltr'>pr.</span> <span class='ocrx_word' id='word_1_188' title='bbox 1446 2607 1490 2664; x_wconf 89' lang='lat' dir='ltr'>pr.</span> <span class='ocrx_word' id='word_1_189' title='bbox 1515 2606 1589 2647; x_wconf 87' lang='lat' dir='ltr'>unus</span> <span class='ocrx_word' id='word_1_190' title='bbox 1618 2593 1758 2648; x_wconf 89' lang='lat' dir='ltr'>cornicu-</span> 
     </span>
     <span class='ocr_line' id='line_1_21' title="bbox 423 2689 1758 2769; baseline 0 -19"><span class='ocrx_word' id='word_1_191' title='bbox 423 2692 516 2750; x_wconf 90' lang='lat' dir='ltr'>larius</span> <span class='ocrx_word' id='word_1_192' title='bbox 543 2691 634 2767; x_wconf 89' lang='lat' dir='ltr'>legati</span> <span class='ocrx_word' id='word_1_193' title='bbox 662 2691 693 2747; x_wconf 92' lang='lat' dir='ltr'>in</span> <span class='ocrx_word' id='word_1_194' title='bbox 720 2689 837 2766; x_wconf 88' lang='lat' dir='ltr'>legione</span> <span class='ocrx_word' id='word_1_195' title='bbox 858 2689 918 2748; x_wconf 93' lang='lat' dir='ltr'>VII</span> <span class='ocrx_word' id='word_1_196' title='bbox 939 2691 1071 2767; x_wconf 88' lang='lat' dir='ltr'>gemina,</span> <span class='ocrx_word' id='word_1_197' title='bbox 1099 2693 1130 2749; x_wconf 91' lang='lat' dir='ltr'>iu</span> <span class='ocrx_word' id='word_1_198' title='bbox 1157 2691 1315 2750; x_wconf 85' lang='lat' dir='ltr'>Pannonia</span> <span class='ocrx_word' id='word_1_199' title='bbox 1343 2699 1441 2749; x_wconf 88' lang='lat' dir='ltr'>autem</span> <span class='ocrx_word' id='word_1_200' title='bbox 1471 2701 1589 2768; x_wconf 87' lang='lat' dir='ltr'>praeter</span> <span class='ocrx_word' id='word_1_201' title='bbox 1618 2695 1758 2769; x_wconf 87' lang='lat' dir='ltr'>singulos</span> 
     </span>
     <span class='ocr_line' id='line_1_22' title="bbox 424 2791 1761 2870; baseline 0.001 -18"><span class='ocrx_word' id='word_1_202' title='bbox 424 2793 607 2870; x_wconf 88' lang='lat' dir='ltr'>singularum</span> <span class='ocrx_word' id='word_1_203' title='bbox 628 2793 778 2869; x_wconf 86' lang='lat' dir='ltr'>legionum</span> <span class='ocrx_word' id='word_1_204' title='bbox 802 2791 861 2850; x_wconf 92' lang='lat' dir='ltr'>duo</span> <span class='ocrx_word' id='word_1_205' title='bbox 884 2793 931 2850; x_wconf 82' lang='lat' dir='ltr'>vel</span> <span class='ocrx_word' id='word_1_206' title='bbox 953 2793 1054 2869; x_wconf 87' lang='lat' dir='ltr'>plures</span> <span class='ocrx_word' id='word_1_207' title='bbox 1076 2793 1266 2852; x_wconf 87' lang='lat' dir='ltr'>cornicularii</span> <span class='ocrx_word' id='word_1_208' title='bbox 1286 2792 1378 2870; x_wconf 88' lang='lat' dir='ltr'>legati</span> <span class='ocrx_word' id='word_1_209' title='bbox 1393 2793 1525 2868; x_wconf 84' lang='lat' dir='ltr'>Augusti</span> <span class='ocrx_word' id='word_1_210' title='bbox 1539 2813 1582 2870; x_wconf 90' lang='lat' dir='ltr'>pr.</span> <span class='ocrx_word' id='word_1_211' title='bbox 1599 2814 1646 2870; x_wconf 92' lang='lat' dir='ltr'>pr.</span> <span class='ocrx_word' id='word_1_212' title='bbox 1663 2795 1761 2853; x_wconf 79' lang='lat' dir='ltr'>fuisse</span> 
     </span>
     <span class='ocr_line' id='line_1_23' title="bbox 424 2894 1760 2972; baseline 0 -18"><span class='ocrx_word' id='word_1_213' title='bbox 424 2895 548 2972; x_wconf 89' lang='lat' dir='ltr'>putandi</span> <span class='ocrx_word' id='word_1_214' title='bbox 565 2905 644 2953; x_wconf 91' lang='lat' dir='ltr'>sunt.</span> <span class='ocrx_word' id='word_1_215' title='bbox 679 2894 759 2954; x_wconf 90' lang='lat' dir='ltr'>Nam</span> <span class='ocrx_word' id='word_1_216' title='bbox 781 2894 896 2970; x_wconf 84' lang='lat' dir='ltr'>legatos</span> <span class='ocrx_word' id='word_1_217' title='bbox 917 2896 1123 2972; x_wconf 87' lang='lat' dir='ltr'>Augustorum</span> <span class='ocrx_word' id='word_1_218' title='bbox 1145 2896 1246 2972; x_wconf 88' lang='lat' dir='ltr'>plures</span> <span class='ocrx_word' id='word_1_219' title='bbox 1268 2913 1357 2971; x_wconf 90' lang='lat' dir='ltr'>quam</span> <span class='ocrx_word' id='word_1_220' title='bbox 1380 2894 1515 2970; x_wconf 90' lang='lat' dir='ltr'>singulos</span> <span class='ocrx_word' id='word_1_221' title='bbox 1538 2896 1760 2955; x_wconf 84' lang='lat' dir='ltr'>cornicularius</span> 
     </span>
     <span class='ocr_line' id='line_1_24' title="bbox 423 2995 1762 3073; baseline 0.002 -17"><span class='ocrx_word' id='word_1_222' title='bbox 423 2997 565 3057; x_wconf 88' lang='lat' dir='ltr'>habuisse</span> <span class='ocrx_word' id='word_1_223' title='bbox 580 2996 667 3055; x_wconf 89' lang='lat' dir='ltr'>docet</span> <span class='ocrx_word' id='word_1_224' title='bbox 681 2997 769 3054; x_wconf 87' lang='lat' dir='ltr'>etiam</span> <span class='ocrx_word' id='word_1_225' title='bbox 783 2995 885 3056; x_wconf 89' lang='lat' dir='ltr'>titulus</span> <span class='ocrx_word' id='word_1_226' title='bbox 900 2997 1101 3073; x_wconf 87' lang='lat' dir='ltr'>Aquincensis</span> <span class='ocrx_word' id='word_1_227' title='bbox 1122 3017 1150 3056; x_wconf 93' lang='lat' dir='ltr'>n.</span> <span class='ocrx_word' id='word_1_228' title='bbox 1168 2998 1183 3054; x_wconf 89' lang='lat'><strong>3</strong></span> <span class='ocrx_word' id='word_1_229' title='bbox 1201 2996 1275 3072; x_wconf 86' lang='lat' dir='ltr'>(Ill,</span> <span class='ocrx_word' id='word_1_230' title='bbox 1291 2997 1398 3073; x_wconf 86' lang='grc'>3543),</span> <span class='ocrx_word' id='word_1_231' title='bbox 1419 2997 1524 3072; x_wconf 87' lang='lat' dir='ltr'>inquo</span> <span class='ocrx_word' id='word_1_232' title='bbox 1540 3016 1762 3058; x_wconf 89' lang='lat' dir='ltr'>commemora-</span> 
     </span>
     <span class='ocr_line' id='line_1_25' title="bbox 424 3095 1761 3160; baseline -0.001 -1"><span class='ocrx_word' id='word_1_233' title='bbox 424 3111 473 3160; x_wconf 91' lang='lat' dir='ltr'>tur</span> <span class='ocrx_word' id='word_1_234' title='bbox 493 3095 632 3158; x_wconf 84' lang='lat' dir='ltr'>‘oificium</span> <span class='ocrx_word' id='word_1_235' title='bbox 654 3098 917 3157; x_wconf 87' lang='lat' dir='ltr'>corniculariorum</span> <span class='ocrx_word' id='word_1_236' title='bbox 940 3095 1122 3158; x_wconf 89' lang='lat' dir='ltr'>consularis&#39;.</span> <span class='ocrx_word' id='word_1_237' title='bbox 1158 3099 1266 3158; x_wconf 88' lang='lat' dir='ltr'>Restat</span> <span class='ocrx_word' id='word_1_238' title='bbox 1283 3099 1386 3157; x_wconf 91' lang='lat' dir='ltr'>titulus</span> <span class='ocrx_word' id='word_1_239' title='bbox 1400 3098 1650 3159; x_wconf 87' lang='lat' dir='ltr'>Lambaesitanus</span> <span class='ocrx_word' id='word_1_240' title='bbox 1676 3123 1709 3160; x_wconf 93' lang='lat' dir='ltr'>n.</span> <span class='ocrx_word' id='word_1_241' title='bbox 1723 3103 1761 3159; x_wconf 76' lang='lat' dir='ltr'>iS</span> 
     </span>
     <span class='ocr_line' id='line_1_26' title="bbox 426 3201 1761 3279; baseline 0.001 -20"><span class='ocrx_word' id='word_1_242' title='bbox 426 3202 527 3278; x_wconf 86' lang='lat' dir='ltr'>(VIII,</span> <span class='ocrx_word' id='word_1_243' title='bbox 543 3201 648 3277; x_wconf 87' lang='grc'>2586),</span> <span class='ocrx_word' id='word_1_244' title='bbox 669 3201 700 3260; x_wconf 90' lang='lat' dir='ltr'>in</span> <span class='ocrx_word' id='word_1_245' title='bbox 722 3219 781 3276; x_wconf 90' lang='lat' dir='ltr'>quo</span> <span class='ocrx_word' id='word_1_246' title='bbox 803 3202 879 3260; x_wconf 89' lang='lat' dir='ltr'>inter</span> <span class='ocrx_word' id='word_1_247' title='bbox 901 3219 966 3272; x_wconf 89' lang='lat' dir='ltr'>eos,</span> <span class='ocrx_word' id='word_1_248' title='bbox 994 3203 1046 3278; x_wconf 93' lang='lat' dir='ltr'>qui</span> <span class='ocrx_word' id='word_1_249' title='bbox 1071 3202 1217 3278; x_wconf 85' lang='lat' dir='ltr'>imagines</span> <span class='ocrx_word' id='word_1_250' title='bbox 1241 3219 1341 3260; x_wconf 89' lang='lat' dir='ltr'>sacras</span> <span class='ocrx_word' id='word_1_251' title='bbox 1364 3221 1469 3260; x_wconf 86' lang='lat' dir='ltr'>aureas</span> <span class='ocrx_word' id='word_1_252' title='bbox 1491 3203 1636 3272; x_wconf 90' lang='lat' dir='ltr'>fecerunt,</span> <span class='ocrx_word' id='word_1_253' title='bbox 1658 3207 1761 3279; x_wconf 89' lang='lat' dir='ltr'>primo</span> 
     </span>
     <span class='ocr_line' id='line_1_27' title="bbox 425 3303 1763 3381; baseline 0.002 -19"><span class='ocrx_word' id='word_1_254' title='bbox 425 3304 491 3362; x_wconf 93' lang='lat' dir='ltr'>loco</span> <span class='ocrx_word' id='word_1_255' title='bbox 519 3311 728 3362; x_wconf 88' lang='lat' dir='ltr'>enumerantur</span> <span class='ocrx_word' id='word_1_256' title='bbox 754 3303 813 3362; x_wconf 94' lang='lat' dir='ltr'>duo</span> <span class='ocrx_word' id='word_1_257' title='bbox 842 3304 1040 3362; x_wconf 88' lang='lat' dir='ltr'>cornicularii.</span> <span class='ocrx_word' id='word_1_258' title='bbox 1093 3303 1160 3363; x_wconf 91' lang='lat' dir='ltr'>Hos</span> <span class='ocrx_word' id='word_1_259' title='bbox 1186 3305 1289 3362; x_wconf 88' lang='lat' dir='ltr'>ambos</span> <span class='ocrx_word' id='word_1_260' title='bbox 1314 3304 1413 3380; x_wconf 86' lang='lat' dir='ltr'>legato</span> <span class='ocrx_word' id='word_1_261' title='bbox 1440 3323 1485 3380; x_wconf 89' lang='lat' dir='ltr'>pr.</span> <span class='ocrx_word' id='word_1_262' title='bbox 1508 3324 1552 3381; x_wconf 94' lang='lat' dir='ltr'>pr.</span> <span class='ocrx_word' id='word_1_263' title='bbox 1581 3308 1763 3380; x_wconf 78' lang='lat' dir='ltr'>provinciae</span> 
     </span>
     <span class='ocr_line' id='line_1_28' title="bbox 425 3404 1764 3483; baseline 0.001 -18"><span class='ocrx_word' id='word_1_264' title='bbox 425 3404 586 3465; x_wconf 86' lang='lat' dir='ltr'>Numidiae</span> <span class='ocrx_word' id='word_1_265' title='bbox 613 3405 748 3465; x_wconf 90' lang='lat' dir='ltr'>addictos</span> <span class='ocrx_word' id='word_1_266' title='bbox 776 3405 870 3464; x_wconf 85' lang='lat' dir='ltr'>fuisse</span> <span class='ocrx_word' id='word_1_267' title='bbox 897 3405 949 3462; x_wconf 81' lang='lat' dir='ltr'>vix</span> <span class='ocrx_word' id='word_1_268' title='bbox 976 3406 1166 3478; x_wconf 83' lang='lat' dir='ltr'>crediderim3</span> <span class='ocrx_word' id='word_1_269' title='bbox 1195 3425 1261 3464; x_wconf 91' lang='lat' dir='ltr'>nam</span> <span class='ocrx_word' id='word_1_270' title='bbox 1293 3406 1354 3464; x_wconf 87' lang='lat' dir='ltr'>veri</span> <span class='ocrx_word' id='word_1_271' title='bbox 1384 3405 1480 3464; x_wconf 89' lang='lat' dir='ltr'>simile</span> <span class='ocrx_word' id='word_1_272' title='bbox 1507 3414 1563 3479; x_wconf 85' lang='lat' dir='ltr'>est,</span> <span class='ocrx_word' id='word_1_273' title='bbox 1588 3408 1672 3483; x_wconf 87' lang='lat' dir='ltr'>quod</span> <span class='ocrx_word' id='word_1_274' title='bbox 1703 3412 1764 3467; x_wconf 88' lang='lat' dir='ltr'>iam</span> 
     </span>
     <span class='ocr_line' id='line_1_29' title="bbox 427 3507 1813 3588; baseline 0.003 -23"><span class='ocrx_word' id='word_1_275' title='bbox 427 3525 518 3584; x_wconf 89' lang='lat' dir='ltr'>supra</span> <span class='ocrx_word' id='word_1_276' title='bbox 543 3508 621 3579; x_wconf 88' lang='lat' dir='ltr'>dixi,</span> <span class='ocrx_word' id='word_1_277' title='bbox 648 3526 700 3566; x_wconf 91' lang='lat' dir='ltr'>eos</span> <span class='ocrx_word' id='word_1_278' title='bbox 726 3507 828 3566; x_wconf 87' lang='lat' dir='ltr'>eadem</span> <span class='ocrx_word' id='word_1_279' title='bbox 856 3508 973 3565; x_wconf 87' lang='lat' dir='ltr'>ratione</span> <span class='ocrx_word' id='word_1_280' title='bbox 998 3507 1172 3566; x_wconf 89' lang='lat' dir='ltr'>distributos</span> <span class='ocrx_word' id='word_1_281' title='bbox 1194 3509 1287 3566; x_wconf 88' lang='lat' dir='ltr'>fuisse</span> <span class='ocrx_word' id='word_1_282' title='bbox 1309 3527 1370 3587; x_wconf 84' lang='lat' dir='ltr'>qua</span> <span class='ocrx_word' id='word_1_283' title='bbox 1391 3511 1690 3584; x_wconf 86' lang='lat' dir='ltr'>commentarienses,</span> <span class='ocrx_word' id='word_1_284' title='bbox 1713 3515 1765 3588; x_wconf 88' lang='lat' dir='ltr'>qui</span> <span class='ocrx_word' id='word_1_285' title='bbox 1812 3577 1813 3588; x_wconf 46' lang='lat'>,</span> 
     </span>
     <span class='ocr_line' id='line_1_30' title="bbox 425 3608 1765 3692; baseline 0.001 -23"><span class='ocrx_word' id='word_1_286' title='bbox 425 3619 598 3685; x_wconf 89' lang='lat' dir='ltr'>sequuntur.</span> <span class='ocrx_word' id='word_1_287' title='bbox 643 3608 777 3683; x_wconf 84' lang='lat' dir='ltr'>Quorum</span> <span class='ocrx_word' id='word_1_288' title='bbox 804 3610 880 3668; x_wconf 88' lang='lat' dir='ltr'>alter</span> <span class='ocrx_word' id='word_1_289' title='bbox 905 3609 1179 3668; x_wconf 87' lang='lat' dir='ltr'>commentariensis</span> <span class='ocrx_word' id='word_1_290' title='bbox 1206 3610 1421 3686; x_wconf 88' lang='lat' dir='ltr'>trib(unorum)</span> <span class='ocrx_word' id='word_1_291' title='bbox 1447 3611 1519 3682; x_wconf 84' lang='lat' dir='ltr'>fuit,</span> <span class='ocrx_word' id='word_1_292' title='bbox 1549 3611 1625 3669; x_wconf 86' lang='lat' dir='ltr'>alter</span> <span class='ocrx_word' id='word_1_293' title='bbox 1656 3613 1765 3692; x_wconf 85' lang='lat' dir='ltr'>legati.</span> 
     </span>
     <span class='ocr_line' id='line_1_31' title="bbox 350 3694 1764 3792; baseline 0.003 -22"><span class='ocrx_word' id='word_1_294' title='bbox 350 3694 354 3703; x_wconf 45' lang='lat'><strong><em>¹</em></strong></span> <span class='ocrx_word' id='word_1_295' title='bbox 425 3711 466 3770; x_wconf 82' lang='lat' dir='ltr'>Et</span> <span class='ocrx_word' id='word_1_296' title='bbox 490 3713 631 3788; x_wconf 89' lang='lat' dir='ltr'>quoniam</span> <span class='ocrx_word' id='word_1_297' title='bbox 659 3713 689 3770; x_wconf 92' lang='lat' dir='ltr'>in</span> <span class='ocrx_word' id='word_1_298' title='bbox 716 3713 821 3769; x_wconf 89' lang='lat' dir='ltr'>Africa</span> <span class='ocrx_word' id='word_1_299' title='bbox 845 3731 905 3770; x_wconf 90' lang='lat' dir='ltr'>una</span> <span class='ocrx_word' id='word_1_300' title='bbox 926 3719 1042 3769; x_wconf 88' lang='lat' dir='ltr'>tantum</span> <span class='ocrx_word' id='word_1_301' title='bbox 1063 3713 1142 3788; x_wconf 89' lang='lat' dir='ltr'>legio</span> <span class='ocrx_word' id='word_1_302' title='bbox 1170 3723 1270 3771; x_wconf 86' lang='lat' dir='ltr'>castra</span> <span class='ocrx_word' id='word_1_303' title='bbox 1297 3712 1413 3784; x_wconf 84' lang='lat' dir='ltr'>habuit,</span> <span class='ocrx_word' id='word_1_304' title='bbox 1449 3713 1497 3771; x_wconf 90' lang='lat' dir='ltr'>cui</span> <span class='ocrx_word' id='word_1_305' title='bbox 1530 3713 1648 3790; x_wconf 85' lang='lat' dir='ltr'>legatus</span> <span class='ocrx_word' id='word_1_306' title='bbox 1681 3719 1764 3792; x_wconf 80' lang='lat' dir='ltr'>Aug.</span> 
     </span>
     <span class='ocr_line' id='line_1_32' title="bbox 426 3813 1765 3892; baseline 0.002 -20"><span class='ocrx_word' id='word_1_307' title='bbox 426 3834 471 3891; x_wconf 93' lang='lat' dir='ltr'>pr.</span> <span class='ocrx_word' id='word_1_308' title='bbox 490 3832 535 3892; x_wconf 91' lang='lat' dir='ltr'>pr.</span> <span class='ocrx_word' id='word_1_309' title='bbox 556 3813 729 3891; x_wconf 84' lang='lat' dir='ltr'>provinciae</span> <span class='ocrx_word' id='word_1_310' title='bbox 747 3813 905 3872; x_wconf 88' lang='lat' dir='ltr'>Numidiae</span> <span class='ocrx_word' id='word_1_311' title='bbox 928 3815 993 3890; x_wconf 86' lang='lat' dir='ltr'>ipse</span> <span class='ocrx_word' id='word_1_312' title='bbox 1014 3823 1159 3890; x_wconf 88' lang='lat' dir='ltr'>praeerat,</span> <span class='ocrx_word' id='word_1_313' title='bbox 1183 3815 1308 3892; x_wconf 89' lang='lat' dir='ltr'>cogitari</span> <span class='ocrx_word' id='word_1_314' title='bbox 1328 3823 1428 3892; x_wconf 89' lang='lat' dir='ltr'>potest</span> <span class='ocrx_word' id='word_1_315' title='bbox 1448 3833 1514 3873; x_wconf 91' lang='lat' dir='ltr'>eum</span> <span class='ocrx_word' id='word_1_316' title='bbox 1537 3825 1662 3891; x_wconf 89' lang='lat' dir='ltr'>propter</span> <span class='ocrx_word' id='word_1_317' title='bbox 1686 3818 1765 3875; x_wconf 84' lang='lat' dir='ltr'>hanc.</span> 
     </span>
     <span class='ocr_line' id='line_1_33' title="bbox 425 3916 1764 3993; baseline 0.002 -19"><span class='ocrx_word' id='word_1_318' title='bbox 425 3917 521 3993; x_wconf 87' lang='lat' dir='ltr'>ipsam</span> <span class='ocrx_word' id='word_1_319' title='bbox 545 3933 667 3974; x_wconf 87' lang='lat' dir='ltr'>causam</span> <span class='ocrx_word' id='word_1_320' title='bbox 690 3935 748 3974; x_wconf 93' lang='lat' dir='ltr'>uno</span> <span class='ocrx_word' id='word_1_321' title='bbox 771 3916 967 3974; x_wconf 89' lang='lat' dir='ltr'>corniculario</span> <span class='ocrx_word' id='word_1_322' title='bbox 990 3924 1159 3976; x_wconf 89' lang='lat' dir='ltr'>contentum</span> <span class='ocrx_word' id='word_1_323' title='bbox 1182 3917 1286 3976; x_wconf 82' lang='lat' dir='ltr'>fuisse.</span> <span class='ocrx_word' id='word_1_324' title='bbox 1330 3916 1385 3976; x_wconf 88' lang='lat' dir='ltr'>Sin</span> <span class='ocrx_word' id='word_1_325' title='bbox 1410 3917 1467 3975; x_wconf 88' lang='lat' dir='ltr'>hoo</span> <span class='ocrx_word' id='word_1_326' title='bbox 1488 3917 1561 3975; x_wconf 90' lang='lat' dir='ltr'>viris</span> <span class='ocrx_word' id='word_1_327' title='bbox 1584 3917 1687 3978; x_wconf 87' lang='lat' dir='ltr'>doctis</span> <span class='ocrx_word' id='word_1_328' title='bbox 1713 3922 1764 3977; x_wconf 81' lang='lat' dir='ltr'>ba-</span> 
     </span>
     <span class='ocr_line' id='line_1_34' title="bbox 427 4018 1763 4098; baseline 0.003 -22"><span class='ocrx_word' id='word_1_329' title='bbox 427 4038 493 4078; x_wconf 93' lang='lat' dir='ltr'>rum</span> <span class='ocrx_word' id='word_1_330' title='bbox 514 4038 612 4076; x_wconf 89' lang='lat' dir='ltr'>rerum</span> <span class='ocrx_word' id='word_1_331' title='bbox 634 4018 739 4096; x_wconf 88' lang='lat' dir='ltr'>peritis</span> <span class='ocrx_word' id='word_1_332' title='bbox 759 4037 817 4075; x_wconf 92' lang='lat' dir='ltr'>nou</span> <span class='ocrx_word' id='word_1_333' title='bbox 834 4020 987 4095; x_wconf 89' lang='lat' dir='ltr'>probatur,</span> <span class='ocrx_word' id='word_1_334' title='bbox 1009 4019 1097 4078; x_wconf 88' lang='lat' dir='ltr'>etiam</span> <span class='ocrx_word' id='word_1_335' title='bbox 1119 4019 1179 4076; x_wconf 90' lang='lat' dir='ltr'>alia</span> <span class='ocrx_word' id='word_1_336' title='bbox 1200 4021 1276 4078; x_wconf 85' lang='lat' dir='ltr'>ratio</span> <span class='ocrx_word' id='word_1_337' title='bbox 1298 4018 1433 4077; x_wconf 87' lang='lat' dir='ltr'>adhiberi</span> <span class='ocrx_word' id='word_1_338' title='bbox 1456 4028 1555 4096; x_wconf 90' lang='lat' dir='ltr'>potest</span> <span class='ocrx_word' id='word_1_339' title='bbox 1576 4021 1763 4098; x_wconf 85' lang='lat' dir='ltr'>explicando</span> 
     </span>
     <span class='ocr_line' id='line_1_35' title="bbox 427 4120 1765 4200; baseline 0.006 -24"><span class='ocrx_word' id='word_1_340' title='bbox 427 4139 520 4197; x_wconf 80' lang='lat' dir='ltr'>parvo</span> <span class='ocrx_word' id='word_1_341' title='bbox 543 4139 665 4179; x_wconf 84' lang='lat' dir='ltr'>nurnero</span> <span class='ocrx_word' id='word_1_342' title='bbox 687 4120 957 4192; x_wconf 88' lang='lat' dir='ltr'>corniculariorum,</span> <span class='ocrx_word' id='word_1_343' title='bbox 979 4123 1030 4197; x_wconf 91' lang='lat' dir='ltr'>qui</span> <span class='ocrx_word' id='word_1_344' title='bbox 1058 4121 1088 4177; x_wconf 91' lang='lat' dir='ltr'>in</span> <span class='ocrx_word' id='word_1_345' title='bbox 1117 4121 1203 4179; x_wconf 90' lang='lat' dir='ltr'>titulo</span> <span class='ocrx_word' id='word_1_346' title='bbox 1226 4120 1468 4192; x_wconf 88' lang='lat' dir='ltr'>Lambaesitano‚</span> <span class='ocrx_word' id='word_1_347' title='bbox 1490 4123 1526 4181; x_wconf 86' lang='lat' dir='ltr'>de</span> <span class='ocrx_word' id='word_1_348' title='bbox 1548 4141 1609 4198; x_wconf 93' lang='lat' dir='ltr'>quo</span> <span class='ocrx_word' id='word_1_349' title='bbox 1631 4125 1765 4200; x_wconf 83' lang='lat' dir='ltr'>agimus.</span> 
     </span>
     <span class='ocr_line' id='line_1_36' title="bbox 427 4221 1764 4301; baseline 0.004 -21"><span class='ocrx_word' id='word_1_350' title='bbox 427 4229 534 4281; x_wconf 83' lang='lat' dir='ltr'>exstat.</span> <span class='ocrx_word' id='word_1_351' title='bbox 578 4221 657 4280; x_wconf 90' lang='lat' dir='ltr'>Nam</span> <span class='ocrx_word' id='word_1_352' title='bbox 686 4222 716 4278; x_wconf 93' lang='lat' dir='ltr'>in</span> <span class='ocrx_word' id='word_1_353' title='bbox 743 4241 779 4280; x_wconf 90' lang='lat' dir='ltr'>eo</span> <span class='ocrx_word' id='word_1_354' title='bbox 806 4241 902 4299; x_wconf 86' lang='lat' dir='ltr'>neque</span> <span class='ocrx_word' id='word_1_355' title='bbox 927 4239 1030 4282; x_wconf 90' lang='lat' dir='ltr'>omnes</span> <span class='ocrx_word' id='word_1_356' title='bbox 1053 4223 1234 4299; x_wconf 89' lang='lat' dir='ltr'>principales</span> <span class='ocrx_word' id='word_1_357' title='bbox 1256 4225 1346 4284; x_wconf 91' lang='lat' dir='ltr'>totius</span> <span class='ocrx_word' id='word_1_358' title='bbox 1367 4224 1495 4300; x_wconf 86' lang='lat' dir='ltr'>legionis</span> <span class='ocrx_word' id='word_1_359' title='bbox 1523 4242 1618 4301; x_wconf 90' lang='lat' dir='ltr'>neque</span> <span class='ocrx_word' id='word_1_360' title='bbox 1643 4245 1764 4298; x_wconf 84' lang='lat' dir='ltr'>eorum,</span> 
     </span>
     <span class='ocr_line' id='line_1_37' title="bbox 427 4325 1762 4404; baseline 0.005 -21"><span class='ocrx_word' id='word_1_361' title='bbox 427 4343 503 4400; x_wconf 86' lang='lat' dir='ltr'>quaa</span> <span class='ocrx_word' id='word_1_362' title='bbox 522 4325 717 4402; x_wconf 88' lang='lat' dir='ltr'>reperiuntur,</span> <span class='ocrx_word' id='word_1_363' title='bbox 740 4342 879 4401; x_wconf 85' lang='lat' dir='ltr'>generum</span> <span class='ocrx_word' id='word_1_364' title='bbox 904 4343 1008 4385; x_wconf 88' lang='lat' dir='ltr'>omnes</span> <span class='ocrx_word' id='word_1_365' title='bbox 1030 4331 1255 4384; x_wconf 88' lang='lat' dir='ltr'>commemorari</span> <span class='ocrx_word' id='word_1_366' title='bbox 1269 4325 1355 4384; x_wconf 88' lang='lat' dir='ltr'>docet</span> <span class='ocrx_word' id='word_1_367' title='bbox 1368 4344 1509 4384; x_wconf 86' lang='lat' dir='ltr'>numerus</span> <span class='ocrx_word' id='word_1_368' title='bbox 1525 4329 1762 4404; x_wconf 82' lang='lat' dir='ltr'>speculatorum.</span> 
     </span>
     <span class='ocr_line' id='line_1_38' title="bbox 428 4425 1764 4505; baseline 0.004 -22"><span class='ocrx_word' id='word_1_369' title='bbox 428 4427 479 4501; x_wconf 94' lang='lat' dir='ltr'>qui</span> <span class='ocrx_word' id='word_1_370' title='bbox 501 4445 561 4484; x_wconf 90' lang='lat' dir='ltr'>nou</span> <span class='ocrx_word' id='word_1_371' title='bbox 583 4425 684 4484; x_wconf 87' lang='lat' dir='ltr'>decem</span> <span class='ocrx_word' id='word_1_372' title='bbox 711 4435 781 4485; x_wconf 90' lang='lat' dir='ltr'>sunt</span> <span class='ocrx_word' id='word_1_373' title='bbox 803 4427 856 4485; x_wconf 89' lang='lat' dir='ltr'>sed</span> <span class='ocrx_word' id='word_1_374' title='bbox 877 4437 1014 4503; x_wconf 89' lang='lat' dir='ltr'>quatuor.</span> <span class='ocrx_word' id='word_1_375' title='bbox 1056 4428 1139 4504; x_wconf 85' lang='lat' dir='ltr'>Ergo</span> <span class='ocrx_word' id='word_1_376' title='bbox 1167 4429 1193 4487; x_wconf 88' lang='lat' dir='ltr'>si</span> <span class='ocrx_word' id='word_1_377' title='bbox 1221 4449 1236 4486; x_wconf 88' lang='lat' dir='ltr'>e</span> <span class='ocrx_word' id='word_1_378' title='bbox 1264 4429 1502 4505; x_wconf 88' lang='lat' dir='ltr'>speculatoribus</span> <span class='ocrx_word' id='word_1_379' title='bbox 1529 4447 1584 4486; x_wconf 84' lang='lat' dir='ltr'>sex</span> <span class='ocrx_word' id='word_1_380' title='bbox 1610 4431 1764 4502; x_wconf 78' lang='lat' dir='ltr'>afuerunt,</span> 
     </span>
     <span class='ocr_line' id='line_1_39' title="bbox 428 4528 1764 4608; baseline 0.005 -22"><span class='ocrx_word' id='word_1_381' title='bbox 428 4528 492 4586; x_wconf 89' lang='lat' dir='ltr'>fieri</span> <span class='ocrx_word' id='word_1_382' title='bbox 507 4529 613 4604; x_wconf 87' lang='lat' dir='ltr'>potuit,</span> <span class='ocrx_word' id='word_1_383' title='bbox 636 4537 668 4587; x_wconf 90' lang='lat' dir='ltr'>ut</span> <span class='ocrx_word' id='word_1_384' title='bbox 684 4529 773 4587; x_wconf 89' lang='lat' dir='ltr'>etiam</span> <span class='ocrx_word' id='word_1_385' title='bbox 790 4549 805 4586; x_wconf 90' lang='lat' dir='ltr'>e</span> <span class='ocrx_word' id='word_1_386' title='bbox 821 4529 1025 4588; x_wconf 90' lang='lat' dir='ltr'>corniculariis</span> <span class='ocrx_word' id='word_1_387' title='bbox 1049 4549 1124 4588; x_wconf 89' lang='lat' dir='ltr'>unus</span> <span class='ocrx_word' id='word_1_388' title='bbox 1146 4539 1175 4588; x_wconf 93' lang='lat' dir='ltr'>et</span> <span class='ocrx_word' id='word_1_389' title='bbox 1197 4531 1272 4590; x_wconf 90' lang='lat' dir='ltr'>alter</span> <span class='ocrx_word' id='word_1_390' title='bbox 1294 4531 1330 4589; x_wconf 90' lang='lat' dir='ltr'>ad</span> <span class='ocrx_word' id='word_1_391' title='bbox 1353 4531 1499 4608; x_wconf 89' lang='lat' dir='ltr'>imagines</span> <span class='ocrx_word' id='word_1_392' title='bbox 1521 4550 1627 4590; x_wconf 85' lang='lat' dir='ltr'>aureas</span> <span class='ocrx_word' id='word_1_393' title='bbox 1649 4533 1764 4593; x_wconf 81' lang='lat' dir='ltr'>iacien-</span> 
     </span>
     <span class='ocr_line' id='line_1_40' title="bbox 428 4613 897 4707; baseline 0.009 -21"><span class='ocrx_word' id='word_1_394' title='bbox 428 4629 576 4689; x_wconf 73' lang='lat' dir='ltr'>casuum</span> <span class='ocrx_word' id='word_1_395' title='bbox 599 4631 795 4707; x_wconf 62' lang='lat' dir='ltr'>conferrem).</span> <span class='ocrx_word' id='word_1_396' title='bbox 891 4613 897 4628; x_wconf 88' lang='lat'>&#39;</span> 
     </span>
     <span class='ocr_line' id='line_1_41' title="bbox 510 4732 1813 4812; baseline 0.006 -23"><span class='ocrx_word' id='word_1_397' title='bbox 510 4732 547 4791; x_wconf 93' lang='lat' dir='ltr'>In</span> <span class='ocrx_word' id='word_1_398' title='bbox 569 4732 676 4793; x_wconf 90' lang='lat' dir='ltr'>militia</span> <span class='ocrx_word' id='word_1_399' title='bbox 698 4735 812 4792; x_wconf 88' lang='lat' dir='ltr'>urbana</span> <span class='ocrx_word' id='word_1_400' title='bbox 833 4743 862 4792; x_wconf 92' lang='lat' dir='ltr'>et</span> <span class='ocrx_word' id='word_1_401' title='bbox 884 4735 1024 4811; x_wconf 81' lang='lat' dir='ltr'>praefecti</span> <span class='ocrx_word' id='word_1_402' title='bbox 1051 4742 1081 4792; x_wconf 90' lang='lat' dir='ltr'>et</span> <span class='ocrx_word' id='word_1_403' title='bbox 1106 4734 1216 4793; x_wconf 89' lang='lat' dir='ltr'>tribuni</span> <span class='ocrx_word' id='word_1_404' title='bbox 1244 4743 1274 4792; x_wconf 88' lang='lat' dir='ltr'>et</span> <span class='ocrx_word' id='word_1_405' title='bbox 1300 4735 1419 4812; x_wconf 84' lang='lat' dir='ltr'>vigilum</span> <span class='ocrx_word' id='word_1_406' title='bbox 1444 4738 1674 4810; x_wconf 85' lang='lat' dir='ltr'>subpraeiectus</span> <span class='ocrx_word' id='word_1_407' title='bbox 1699 4759 1765 4797; x_wconf 88' lang='lat' dir='ltr'>cor·</span> <span class='ocrx_word' id='word_1_408' title='bbox 1812 4767 1813 4770; x_wconf 38' lang='lat'>¹</span> 
     </span>
     <span class='ocr_line' id='line_1_42' title="bbox 427 4835 1813 4917; baseline 0.004 -25"><span class='ocrx_word' id='word_1_409' title='bbox 427 4835 589 4894; x_wconf 85' lang='lat' dir='ltr'>nicularios</span> <span class='ocrx_word' id='word_1_410' title='bbox 612 4837 786 4908; x_wconf 87' lang='lat' dir='ltr'>habuerunt,</span> <span class='ocrx_word' id='word_1_411' title='bbox 810 4838 860 4913; x_wconf 90' lang='lat' dir='ltr'>qui</span> <span class='ocrx_word' id='word_1_412' title='bbox 883 4838 961 4913; x_wconf 89' lang='lat' dir='ltr'>apud</span> <span class='ocrx_word' id='word_1_413' title='bbox 985 4838 1120 4914; x_wconf 84' lang='lat' dir='ltr'>singulos</span> <span class='ocrx_word' id='word_1_414' title='bbox 1143 4837 1254 4915; x_wconf 88' lang='lat' dir='ltr'>singuli</span> <span class='ocrx_word' id='word_1_415' title='bbox 1275 4838 1368 4896; x_wconf 85' lang='lat' dir='ltr'>fuisse</span> <span class='ocrx_word' id='word_1_416' title='bbox 1389 4837 1537 4895; x_wconf 85' lang='lat' dir='ltr'>videntur.</span> <span class='ocrx_word' id='word_1_417' title='bbox 1575 4837 1655 4898; x_wconf 87' lang='lat' dir='ltr'>Nam</span> <span class='ocrx_word' id='word_1_418' title='bbox 1682 4840 1762 4917; x_wconf 89' lang='lat' dir='ltr'>quod</span> <span class='ocrx_word' id='word_1_419' title='bbox 1812 4881 1813 4914; x_wconf 47' lang='lat'>;</span> 
     </span>
    </p>
   </div>
   <div class='ocr_carea' id='block_1_4' title="bbox 429 5087 1762 5341">
    <p class='ocr_par' dir='ltr' id='par_1_4' title="bbox 429 5087 1762 5341">
     <span class='ocr_line' id='line_1_43' title="bbox 525 5087 1762 5157; baseline 0 -19"><span class='ocrx_word' id='word_1_420' title='bbox 525 5087 547 5148; x_wconf 91' lang='lat'>¹)</span> <span class='ocrx_word' id='word_1_421' title='bbox 577 5088 619 5138; x_wconf 88' lang='lat' dir='ltr'>Ab</span> <span class='ocrx_word' id='word_1_422' title='bbox 639 5087 692 5149; x_wconf 88' lang='lat' dir='ltr'>his,</span> <span class='ocrx_word' id='word_1_423' title='bbox 718 5103 783 5154; x_wconf 87' lang='lat' dir='ltr'>quae</span> <span class='ocrx_word' id='word_1_424' title='bbox 803 5089 924 5155; x_wconf 81' lang='lat' dir='ltr'>exposui,</span> <span class='ocrx_word' id='word_1_425' title='bbox 949 5090 1075 5139; x_wconf 87' lang='lat' dir='ltr'>sententia</span> <span class='ocrx_word' id='word_1_426' title='bbox 1094 5089 1264 5154; x_wconf 86' lang='lat' dir='ltr'>Marquardtii</span> <span class='ocrx_word' id='word_1_427' title='bbox 1289 5105 1341 5140; x_wconf 89' lang='lat' dir='ltr'>non</span> <span class='ocrx_word' id='word_1_428' title='bbox 1365 5089 1474 5139; x_wconf 90' lang='lat' dir='ltr'>multum</span> <span class='ocrx_word' id='word_1_429' title='bbox 1499 5090 1600 5152; x_wconf 72' lang='lat' dir='ltr'>differt,</span> <span class='ocrx_word' id='word_1_430' title='bbox 1621 5093 1666 5157; x_wconf 87' lang='lat' dir='ltr'>qui</span> <span class='ocrx_word' id='word_1_431' title='bbox 1693 5091 1762 5156; x_wconf 83' lang='lat' dir='ltr'>apud</span> 
     </span>
     <span class='ocr_line' id='line_1_44' title="bbox 429 5177 1761 5253; baseline 0.002 -25"><span class='ocrx_word' id='word_1_432' title='bbox 429 5195 487 5229; x_wconf 89' lang='lat' dir='ltr'>eum</span> <span class='ocrx_word' id='word_1_433' title='bbox 507 5177 762 5247; x_wconf 73' lang='lat' dir='ltr'>(Stactauenuaituuq</span> <span class='ocrx_word' id='word_1_434' title='bbox 781 5183 816 5242; x_wconf 89' lang='lat'>11,</span> <span class='ocrx_word' id='word_1_435' title='bbox 841 5198 867 5253; x_wconf 88' lang='lat' dir='ltr'>p.</span> <span class='ocrx_word' id='word_1_436' title='bbox 882 5181 945 5243; x_wconf 85' lang='grc'>529)</span> <span class='ocrx_word' id='word_1_437' title='bbox 965 5182 1071 5232; x_wconf 79' lang='lat' dir='ltr'>affertur</span> <span class='ocrx_word' id='word_1_438' title='bbox 1091 5183 1120 5232; x_wconf 86' lang='lat' dir='ltr'>C.</span> <span class='ocrx_word' id='word_1_439' title='bbox 1141 5183 1236 5234; x_wconf 82' lang='lat' dir='ltr'>Sallius</span> <span class='ocrx_word' id='word_1_440' title='bbox 1257 5183 1354 5232; x_wconf 86' lang='lat' dir='ltr'>Primio</span> <span class='ocrx_word' id='word_1_441' title='bbox 1373 5184 1527 5232; x_wconf 88' lang='lat' dir='ltr'>cornicular.</span> <span class='ocrx_word' id='word_1_442' title='bbox 1546 5184 1597 5249; x_wconf 88' lang='lat' dir='ltr'>leg.</span> <span class='ocrx_word' id='word_1_443' title='bbox 1618 5185 1660 5234; x_wconf 88' lang='lat'>111</span> <span class='ocrx_word' id='word_1_444' title='bbox 1683 5189 1761 5248; x_wconf 80' lang='lat' dir='ltr'>Aug..</span> 
     </span>
     <span class='ocr_line' id='line_1_45' title="bbox 429 5267 1440 5341; baseline 0.003 -19"><span class='ocrx_word' id='word_1_445' title='bbox 429 5271 473 5322; x_wconf 88' lang='lat' dir='ltr'>Or.</span> <span class='ocrx_word' id='word_1_446' title='bbox 494 5272 563 5322; x_wconf 88' lang='grc'>3522</span> <span class='ocrx_word' id='word_1_447' title='bbox 586 5293 619 5314; x_wconf 95' lang='lat'>=</span> <span class='ocrx_word' id='word_1_448' title='bbox 634 5267 779 5336; x_wconf 77' lang='lat' dir='ltr'>V1266&#39;1‘,</span> <span class='ocrx_word' id='word_1_449' title='bbox 799 5289 857 5324; x_wconf 89' lang='lat' dir='ltr'>eum</span> <span class='ocrx_word' id='word_1_450' title='bbox 876 5274 969 5324; x_wconf 84' lang='lat' dir='ltr'>falsum</span> <span class='ocrx_word' id='word_1_451' title='bbox 989 5289 1044 5326; x_wconf 87' lang='lat' dir='ltr'>esse</span> <span class='ocrx_word' id='word_1_452' title='bbox 1063 5275 1115 5325; x_wconf 83' lang='lat' dir='ltr'>iem</span> <span class='ocrx_word' id='word_1_453' title='bbox 1135 5289 1212 5341; x_wconf 82' lang='lat' dir='ltr'>supra</span> <span class='ocrx_word' id='word_1_454' title='bbox 1231 5275 1440 5325; x_wconf 82' lang='lat' dir='ltr'>commemoravi.</span> 
     </span>
    </p>
   </div>
   <div class='ocr_carea' id='block_1_5' title="bbox 0 0 1862 5984">
    <p class='ocr_par' dir='ltr' id='par_1_5' title="bbox 0 0 1862 5984">
     <span class='ocr_line' id='line_1_46' title="bbox 0 0 1862 5984; baseline 0 0"><span class='ocrx_word' id='word_1_455' title='bbox 0 0 1862 5984; x_wconf 95' lang='lat' dir='ltr'> </span> 
     </span>
    </p>
   </div>
  </div>
 </body>
</html>
