3618 5968
379 615 452 687 224
950 635 1132 686 nonnrsnu

378 809 505 868 discidio
531 809 661 883 quodam
687 809 814 867 divisam
841 827 908 867 esse
935 809 964 867 in
994 811 1135 868 urbanam
1164 819 1193 867 et
1220 810 1450 885 provincialem,
1483 821 1517 869 ut
1545 829 1605 868 non
1637 829 1702 867 raro

377 911 553 988 postillam
579 911 653 968 haec
679 913 880 989 susciperetur
906 929 965 968 non
993 912 1159 970 iterationis
1186 912 1412 988 significatione,
1442 913 1495 970 sed
1518 912 1703 970 distinctione

378 1013 507 1088 quadem
536 1012 659 1071 adiecta.
702 1012 745 1071 Ut
771 1014 842 1071 alibi
871 1015 1020 1072 iuvenitur
1041 1014 1091 1090 qui
1114 1014 1170 1072 fuit
1192 1025 1300 1090 quaest.
1322 1016 1412 1085 urhis,
1439 1025 1547 1090 quaest.
1572 1032 1702 1090 procons.

379 1115 575 1174 Narbonensis
602 1115 639 1190 (l.
654 1115 691 1173 R.
708 1113 746 1172 N.
764 1114 874 1192 3913),
898 1117 967 1175 item
994 1128 1119 1192 quaest,
1147 1127 1255 1192 quaest.
1280 1136 1364 1193 pron.
1393 1117 1526 1176 Narbon.
1569 1115 1705 1191 (Hermen

381 1217 490 1292 6048),
519 1217 561 1274 ita
589 1218 637 1275 hic
672 1235 704 1275 se
737 1219 889 1295 excipiunt
922 1211 1077 1300 κυαῖπωρ,
1106 1219 1137 1277 id
1166 1229 1212 1278 est
1238 1220 1388 1292 urbanus,
1417 1225 1446 1276 et
1474 1209 1578 1288 rapiar
1604 1210 1706 1278 acutae

379 1311 564 1391 Παμφυλίας,
586 1319 615 1378 id
638 1329 686 1378 est
707 1328 848 1397 quaestor
869 1339 924 1395 pro
947 1331 1084 1397 praetore
1106 1323 1277 1398 provinciae
1290 1321 1402 1398 Lyciae
1425 1329 1454 1380 et
1468 1320 1672 1398 Pamphyliae.

465 1422 492 1479 4.
538 1412 698 1504 δήμαρχος,
720 1422 750 1480 id
773 1431 818 1482 est
840 1423 976 1481 tribunus
999 1423 1105 1499 plebis.

465 1527 493 1581 5.
537 1513 708 1607 στρατηγὸς,
731 1524 760 1581 16
783 1535 829 1584 est
850 1535 980 1601 praetor.

466 1625 492 1684 6.
537 1617 849 1709 λογιστὴςΤρωαδέων.
887 1627 936 1686 De
958 1627 1145 1687 curatoribus
1168 1648 1265 1687 rerum
1287 1629 1472 1706 publicarum
1495 1629 1574 1687 datis
1597 1629 1635 1687 ab
1658 1629 1707 1687 im·

382 1737 518 1806 peratore
542 1747 600 1788 non
623 1748 699 1807 opus
722 1738 769 1788 est
790 1731 936 1788 disserere
959 1731 1011 1804 (cf.
1034 1730 1213 1790 Staatsreclt
1234 1729 1412 1807 22,1033).

467 1832 495 1890 7.
539 1824 702 1902 ἐπιμελητὴς
723 1825 796 1890 ὁδῶν
816 1823 985 1902 Λαβικανῆς
1005 1823 1052 1890 uni
1074 1825 1216 1904 darsivrs·
1258 1832 1396 1894 Officium
1420 1834 1489 1892 item
1513 1840 1627 1894 notum.
1664 1829 1707 1891 cf.

384 1935 443 2005 111,
460 1935 556 1993 6154:
579 1943 695 1992 carator
710 1937 821 1993 uiarum
835 1934 1003 1994 Labicanos
1019 1947 1044 1994 et
1056 1933 1184 1995 Latinae
1199 1941 1311 2007 asteria
1335 1933 1516 1995 Siaatsrecltt
1529 1936 1546 1994 2
1557 1934 1585 2008 2,
1605 1935 1689 1994 1030.
1795 1980 1796 1987 ι

467 2037 495 2095 8.
539 2026 713 2105 δικαιοδᾶτης
734 2028 875 2096 'Ananiae
903 2029 1102 2118 Καλα.6ρ[ιά]ς
1133 2029 1298 2100 Λυκαονίας.
1343 2037 1527 2114 Lycaoniam
1554 2038 1628 2097 alibi
1656 2038 1710 2094 ior·

384 2151 466 2198 tasse
488 2138 640 2199 Lucaniae
668 2138 885 2217 significatione
915 2139 1046 2198 nondum
1074 2151 1221 2216 repertam
1244 2142 1294 2218 qui
1324 2141 1442 2199 titulum
1469 2142 1590 2218 scripsit
1619 2147 1709 2199 utrum
1795 2144 1796 2151 ’

385 2243 520 2320 posuerit
546 2243 635 2300 nimis
665 2242 750 2300 docte
777 2261 814 2300 an
837 2262 940 2320 parum
963 2243 1071 2318 perite,
1100 2245 1270 2320 ambiguum
1294 2255 1350 2303 est.
1387 2242 1588 2302 Iuridicorum
1611 2242 1710 2300 Italiae
1794 2283 1795 2292 ι

386 2345 532 2420 exemplis
557 2344 750 2419 (Stcatsrecht
772 2339 939 2420 22,1039)
966 2346 1022 2403 hoc
1049 2345 1216 2404 addendum
1244 2355 1303 2419 est3
1332 2357 1393 2406 tres
1421 2349 1559 2424 regiones
1583 2348 1627 2404 ita
1647 2363 1711 2402 con-

384 2449 502 2506 iunctas
524 2446 654 2505 nondum
679 2446 887 2505 habueramus.

469 2550 498 2609 9.
541 2539 716 2618 δικαιοδότης
741 2541 917 2624 Σ[πανιάς2]
953 2539 1114 2620 διοικήσεως
1140 2542 1413 2634 Ταρῥακω[νη]ςιάς.
1468 2551 1659 2628 Intellegitur
1688 2551 1711 2606 is

387 2654 590 2729 magistratus,
618 2651 668 2728 qui
696 2659 793 2711 aetate
820 2652 942 2710 meliore
965 2653 1133 2728 appellatur
1160 2655 1268 2730 ispania
1291 2659 1429 2714 citerioris
1451 2655 1619 2731 Hispaniae
1639 2652 1711 2710 nude

388 2755 460 2831 (vol.
480 2756 509 2813 V
534 2776 563 2813 n.
584 2753 664 2813 6974
681 2773 743 2830 seq.
770 2773 905 2830 quaeque
934 2755 975 2812 ibi
997 2756 1136 2812 adnotavi
1163 2775 1191 2831 p.
1209 2756 1298 2832 785),
1321 2778 1339 2815 a
1360 2757 1512 2816 consulari
1535 2775 1571 2814 eo
1596 2755 1710 2814 distinc-

388 2867 446 2930 tus,
476 2857 557 2932 quod
587 2857 753 2932 praetorius
785 2867 829 2914 est
857 2876 911 2915 nec
939 2857 1046 2915 dicitur
1075 2877 1129 2934 pro
1158 2868 1309 2934 praetore,
1343 2860 1430 2918 tertio
1460 2858 1580 2917 saeculo
1610 2860 1711 2932 Ζαραῖος

387 2960 527 3017 inridicas
556 2962 722 3035 prouinciae
752 2957 916 3035 Hispaniae
949 2959 1172 3020 Tarraconensis
1206 2961 1279 3036 (vol.
1301 2962 1332 3020 11
1358 2981 1386 3020 n.
1408 2960 1488 3020 3738
1521 2961 1712 3034 similiterque

389 3081 417 3118 n.
435 3061 544 3136 4113),
572 3063 709 3119 inridicus
736 3061 899 3137 Hispaniae
926 3066 1066 3121 citerioris
1094 3063 1315 3122 Tarraconensis
1342 3064 1372 3120 in
1402 3064 1490 3122 titulo
1518 3061 1712 3122 Nemausensi

390 3163 525 3223 Henneni
547 3183 575 3221 n.
593 3163 683 3233 6490,
705 3164 843 3221 incidians
859 3163 1022 3239 Hispaniae
1044 3168 1182 3223 citerioris
1202 3166 1231 3223 in
1253 3165 1465 3224 Beneventano
1485 3166 1511 3223 l.
1527 3165 1563 3224 R.
1581 3165 1622 3224 N.
1642 3161 1712 3220 1420

392 3291 429 3315 =
443 3266 501 3323 vol.
517 3265 564 3323 IX
586 3287 615 3324 n.
633 3264 710 3324 1572
734 3273 763 3323 et
788 3265 818 3322 in
842 3263 975 3324 Sitifensi
997 3267 1112 3325 Recaeil
1133 3267 1167 3324 de
1191 3268 1373 3326 Constantine
1397 3267 1509 3327 187314
1532 3286 1559 3343 p.
1577 3267 1654 3336 373,
1679 3281 1711 3321 ex

390 3369 497 3444 quibus
519 3367 749 3426 Beneventanus
771 3368 883 3444 pariter
905 3376 993 3444 atque
1021 3376 1122 3426 noster
1148 3388 1185 3427 ex
1211 3369 1329 3427 iuridici
1352 3371 1483 3444 Apuliae
1509 3379 1539 3428 et
1560 3367 1712 3428 Calabriae

391 3471 490 3528 officio
516 3469 554 3528 ad
582 3470 679 3528 simile
700 3469 897 3546 Hispanicum
927 3482 1082 3546 promotus
1110 3477 1165 3530 est.
1208 3470 1353 3548 Legatum
1380 3492 1446 3530 eum
1474 3490 1534 3530 nou
1561 3473 1713 3530 universae

392 3572 558 3648 Hispaniae
585 3573 713 3631 citeriori
739 3572 916 3649 praefuisse,
944 3573 996 3630 sed
1022 3574 1099 3650 parti
1128 3581 1242 3631 tantum
1268 3574 1374 3634 titulus
1401 3576 1427 3632 is
1453 3575 1490 3634 de
1516 3594 1576 3651 quo
1604 3574 1712 3650 agimus

393 3675 559 3734 luculenter
595 3674 764 3744 confirmat;
802 3695 869 3734 nam
903 3675 1048 3734 dioecesis
1083 3676 1255 3753 provinciae
1286 3695 1357 3752 pars
1390 3685 1450 3748 est,
1483 3685 1517 3734 ut
1549 3675 1713 3753 provinciae

393 3777 513 3836 Africae
558 3785 661 3854 partes
708 3785 778 3835 sant
823 3777 973 3836 dioeceses
1015 3779 1090 3836 duae
1130 3777 1388 3856 Carthaginiensis
1434 3788 1464 3837 et
1505 3776 1711 3856 Hipponensis.

396 3879 465 3952 Quo
505 3879 591 3938 titulo
631 3880 705 3939 duce
750 3880 811 3937 iam
856 3881 1011 3940 reiciemus
1054 3883 1136 3956 quod
1171 3882 1261 3958 vulgo
1302 3883 1401 3940 ferunt
1435 3881 1616 3958 Hispaniam
1651 3880 1713 3936 cite·

393 3983 502 4041 riorem
523 3987 594 4040 item
617 3982 762 4058 appellari
784 3981 1050 4042 Tarraconensem.
1087 3984 1184 4043 Immo
1211 3984 1260 4042 ubi
1288 3984 1326 4041 ad
1348 3983 1527 4059 Hispaniam
1555 3983 1712 4042 citeriorem

395 4083 631 4145 Tarraconensis
658 4085 835 4144 vocabulum
858 4085 995 4158 adicitur,
1021 4105 1080 4144 nou
1107 4087 1244 4144 universa
1274 4087 1429 4162 provincia
1455 4086 1646 4162 significatur,
1667 4080 1713 4139 sed

397 4188 543 4246 dioecesis
572 4186 738 4262 Hispaniae
771 4187 915 4246 citerioris
947 4207 984 4245 ea
1022 4189 1051 4246 in
1084 4207 1145 4264 qua
1177 4199 1223 4248 est
1255 4189 1397 4247 Tarraco.
1454 4188 1529 4246 Post
1562 4183 1714 4246 Diocletia-

395 4310 467 4350 num
490 4300 598 4362 autem,
621 4291 671 4366 qui
693 4291 846 4350 dioeceses
868 4292 897 4349 in
920 4289 1090 4367 provincias
1113 4292 1248 4362 mutarit,
1271 4310 1348 4368 quae
1369 4290 1426 4349 fuit
1446 4291 1592 4349 dioecesis
1614 4288 1713 4346 Tarra·

397 4394 536 4452 canensis
558 4393 673 4452 abiecto
696 4393 841 4451 citerioris
863 4392 1007 4451 vocabulo
1030 4403 1098 4468 apte
1127 4393 1184 4451 dici
1214 4401 1321 4470 coepta
1342 4401 1389 4452 est
1406 4395 1558 4468 prouincia
1577 4391 1714 4466 Hispania

401 4495 670 4570 Tarraconensisl).
693 4493 899 4554 —Similiter
928 4495 1117 4553 iudicandum
1147 4505 1193 4554 est
1221 4496 1258 4554 de
1289 4497 1381 4572 leqato
1410 4493 1535 4570 Aspasti
1557 4513 1610 4569 per
1636 4489 1714 4549 Asu·

397 4601 472 4656 marn
501 4606 527 4655 et
553 4597 728 4656 Callaeciam
755 4596 812 4672 (sic
838 4596 996 4672 11,2634)
1029 4596 1090 4670 vel,
1123 4605 1155 4655 ut
1182 4597 1303 4674 saepius
1331 4597 1452 4668 dicitur,
1483 4598 1575 4672 leqata
1601 4592 1715 4669 Anpueti

399 4701 522 4758 iuridico
548 4700 588 4776 (et
613 4702 734 4759 iuridico
761 4701 791 4758 in
821 4699 906 4758 titulo
929 4699 984 4770 Vl,
1002 4699 1095 4776 1507)
1120 4719 1174 4774 per
1195 4699 1345 4759 Asturiam
1372 4709 1398 4758 et
1430 4697 1613 4768 Callaeciam,
1638 4695 1713 4752 cuius

398 4802 577 4862 mentionem
593 4802 709 4862 faciunt
723 4802 800 4861 tituli
815 4802 1064 4860 Lambaesitanus
1081 4801 1139 4860 vol.
1153 4801 1232 4859 Vlll
1247 4823 1274 4860 n.
1290 4801 1368 4860 2747
1384 4827 1420 4852 =
1434 4801 1559 4860 Heuzen
1579 4820 1606 4858 n.
1620 4793 1714 4854 742οα

400 4906 529 4982 scriptus
552 4906 670 4976 a.150;
698 4905 804 4964 urbani
825 4904 885 4964 vol.
901 4903 943 4962 VI
966 4922 994 4962 n.
1014 4903 1101 4964 1486.
1129 4904 1221 4976 1507,
1249 4903 1466 4965 Nemausensis
1492 4904 1574 4980 apud
1594 4897 1713 4973 Borghe-

479 5147 503 5211 ¹)
523 5150 580 5199 Hoc
599 5155 667 5200 recte
686 5149 830 5200 observavit
848 5148 1000 5199 Huebnerus
1017 5148 1069 5198 vol.
1082 5148 1111 5198 II
1129 5165 1154 5214 p.
1171 5148 1231 5210 749,
1251 5164 1303 5198 non
1322 5154 1391 5199 recte
1410 5148 1516 5213 negarit
1533 5147 1582 5196 tris
1599 5143 1657 5192 haec
1675 5153 1712 5184 vo·

402 5242 494 5292 cabula
513 5243 550 5292 ita
569 5243 705 5292 coniuncta
721 5241 829 5306 reperiri
848 5249 907 5291 ante
920 5241 1120 5302 Diocletianum,
1140 5257 1197 5290 cum
1216 5241 1301 5291 adsint
1320 5240 1347 5290 in
1366 5241 1441 5290 tinrlo
1460 5239 1561 5290 iuridici
1580 5229 1713 5287 subarata

402 5335 490 5399 scripti
510 5335 537 5384 11
555 5350 582 5384 n.
598 5335 678 5395 3738,
698 5349 745 5384 nec
764 5348 866 5384 causam
886 5341 997 5383 mutatae
1016 5333 1195 5399 appellationis
1215 5333 1276 5384 satis
1294 5333 1434 5399 perspexit.
