3792 5970
438 644 510 714 252
692 663 874 714 MOMMSEN
900 663 1200 716 OBSERVA'I'IONBS
1227 665 1512 715 EPIGRAPHICAE.

436 839 479 894 At
501 855 516 894 e
539 837 689 893 contrario
710 835 828 893 Dioclis
850 835 984 912 praemia
1005 836 1095 894 simili
1118 836 1233 894 ratione
1255 845 1438 912 computata:

570 1075 574 1082 ·
656 1041 753 1117 prima
818 1038 1004 1115 singularum
1033 1039 1524 1109 972><15000=14,580,000

818 1141 954 1199 binarum
1034 1143 1092 1200 343
1112 1156 1146 1201 ><
1169 1140 1323 1199 100002
1363 1141 1527 1213 3,430,000

819 1253 969 1301 ternarum
1054 1243 1147 1303 &1><
1188 1243 1323 1300 700οε
1394 1243 1527 1314 351000

657 1345 787 1404 secunda
1033 1345 1147 1404 861><
1187 1345 1322 1404 500οι-
1361 1346 1527 1414 4,305,000

657 1453 744 1505 tertia
1033 1447 1146 1507 51οΧ
1187 1445 1321 1506 2000:
1364 1446 1527 1519 attacus

656 1559 763 1624 quarta
1077 1551 1145 1610 1><
1190 1549 1322 1606 1000=
1437 1551 1527 1621 1,000

656 1652 791 1727 bigarum
1075 1652 1147 1710 3><
1189 1650 1321 1708 1000:
1436 1652 1528 1722 3,000

1289 1751 1545 1767 m

1338 1789 1525 1862 13010000

441 1948 500 1987 000
524 1929 598 1987 satis
621 1927 744 2004 explent
767 1946 913 1986 summam
934 1929 971 1986 ab
991 1947 1027 1986 eo
1046 1947 1084 1986 ex
1103 1928 1244 2004 praemiis
1264 1928 1423 1986 ordinariis
1440 1930 1574 1988 effectam
1599 1930 1769 1988 sestertium
1864 1943 1865 1948 ’

351 2051 368 2096 ,¹
437 2048 462 2088 0.
481 2029 675 2101 32,000,000.
721 2029 780 2090 Sed
808 2039 839 2087 ut
867 2031 928 2087 alia
948 2032 979 2088 in
1007 2031 1054 2088 his
1077 2030 1199 2088 calculis
1226 2029 1331 2087 fallere
1358 2043 1485 2105 possunt
1512 2040 1634 2107 propter
1661 2049 1770 2089 causas

436 2113 512 2207 quas
539 2131 628 2189 hodie
654 2133 837 2208 ignoramus,
864 2133 908 2190 ita
934 2133 999 2190 fieri
1021 2141 1129 2209 potest,
1157 2144 1188 2190 01
1210 2132 1276 2190 0010
1296 2132 1411 2189 0011000
1434 2133 1578 2209 temporis
1600 2151 1649 2192 000
1671 2135 1770 2208 expli·

436 2243 519 2292 cetur
541 2233 645 2310 primis
667 2235 808 2309 praemiis
831 2235 947 2292 interim
975 2235 1080 2292 000110.
1128 2234 1275 2292 Martialis
1297 2233 1373 2290 euim
1398 2253 1516 2292 carmen
1545 2234 1620 2291 illud
1648 2236 1771 2309 scripsit

437 2357 464 2394 a.
488 2354 512 2393 0.
536 2335 590 2407 98;
619 2333 767 2394 Crescens
795 2336 920 2412 agitavit
946 2337 983 2392 ab
1010 2355 1037 2393 0.
1063 2337 1119 2394 115
1147 2337 1185 2393 ad
1211 2355 1230 2394 0
1259 2335 1315 2393 124
1342 2336 1558 2412 imperantibus
1584 2336 1716 2394 Traiano
1741 2349 1771 2394 et.

436 2437 606 2508 Hadriano;
630 2436 753 2494 Diocles
773 2437 899 2513 primam
921 2438 1074 2496 victoriam
1096 2438 1175 2512 cepit
1197 2457 1223 2494 0.
1247 2436 1305 2493 itt
1328 2438 1492 2513 titulusque
1513 2456 1599 2512 quem
1624 2439 1769 2497 habemus

435 2540 552 2616 positus
579 2549 626 2596 est
652 2559 676 2596 0,
700 2558 727 2595 a.
754 2540 811 2598 150
839 2539 1066 2612 (Fricdlaender
1088 2558 1116 2615 p.
1138 2536 1223 2612 494).
1269 2537 1357 2611 Quod
1388 2539 1415 2597 si
1442 2547 1530 2596 aucta
1559 2549 1629 2597 0001
1649 2540 1769 2598 interim

435 2641 569 2718 praemia
591 2641 771 2716 aurigarum,
794 2651 866 2717 puta
888 2651 919 2699 ut
940 2642 1047 2700 victori
1068 2661 1125 2718 pro
1148 2640 1211 2698 auri
1235 2641 1361 2699 00000110
1384 2641 1443 2698 11110
1463 2641 1521 2699 XV
1542 2641 1684 2700 darentur
1706 2643 1770 2700 XX

436 2751 466 2801 et
488 2742 605 2817 reliqua
624 2760 743 2818 quoque
765 2743 898 2818 praemia
918 2762 972 2818 pro
992 2743 1130 2818 portione
1151 2751 1341 2818 augerentur,
1364 2759 1496 2800 summae
1517 2743 1623 2801 calculi
1645 2745 1772 2802 secundi

436 2843 478 2902 ita
500 2851 647 2916 crescunt,
671 2853 704 2901 01
725 2853 882 2918 quaestum
904 2845 1075 2902 universum
1099 2845 1173 2901 satis
1195 2844 1345 2918 expleant.
1391 2842 1450 2903 Sed
1474 2853 1505 2901 ut
1527 2845 1647 2921 singula
1667 2846 1696 2903 in
1720 2847 1771 2903 his

436 2946 525 3022 plane
551 2946 663 3004 incerta
691 2947 751 3003 sint
777 2955 806 3003 et
833 2947 920 3004 meris
949 2946 1126 3004 coniecturis
1155 2946 1185 3003 10
1212 2945 1378 3026 rationibus
1406 2945 1466 3004 illis
1494 2947 1664 3005 necessario
1685 2948 1772 3006 locus

437 3047 523 3105 datus
551 3048 599 3118 sit,
627 3048 683 3105 hoc
705 3057 783 3104 certe
806 3048 1062 3118 demonstrabunt,
1090 3056 1231 3122 quantam
1255 3048 1412 3122 pecuniam
1434 3048 1581 3106 aerarium
1604 3048 1774 3124 profuderit

436 3148 567 3206 inludis
594 3149 786 3220 circensibus,
813 3151 1033 3227 perniciemque
1059 3149 1141 3206 illam
1168 3150 1257 3207 rebus
1279 3149 1425 3208 Romanis
1453 3150 1572 3206 insitam
1600 3151 1710 3208 numeri
1739 3152 1773 3208 hi

436 3251 614 3309 luculentius
636 3253 743 3326 opinor
764 3252 918 3310 illustrant
940 3270 1029 3329 quam
1052 3269 1128 3326 quae
1150 3264 1209 3308 tam
1234 3271 1332 3308 rerum
1359 3252 1520 3328 scriptores
1542 3270 1631 3326 quam
1653 3271 1772 3309 morum

436 3353 667 3428 reprehensores
691 3354 727 3411 de
748 3354 812 3412 eius
833 3353 944 3412 saeculi
965 3353 1046 3410 vitiis
1067 3353 1154 3411 nobis
1176 3353 1288 3428 scripta
1306 3353 1499 3429 reliquerunt.
1536 3353 1614 3411 Nam
1636 3371 1774 3412 summae

437 3453 508 3512 illae
535 3473 638 3512 omnes
661 3473 699 3512 ex
726 3456 841 3513 aerario
868 3455 990 3532 publico
1013 3454 1117 3531 populi
1144 3453 1272 3512 Romani
1298 3463 1469 3512 numeratae
1496 3461 1573 3526 sunt,
1600 3455 1775 3530 erravitque

438 3555 688 3614 Friedlaenderus
718 3578 745 3633 p.
766 3556 826 3615 486
855 3557 988 3633 praemia
1015 3557 1130 3614 maiora
1155 3564 1239 3614 ratus
1266 3557 1414 3633 proficisci
1443 3575 1480 3612 cx
1506 3557 1640 3630 pecuniis
1668 3557 1775 3616 studio

437 3657 599 3716 factionum
627 3657 755 3730 collatis,
783 3668 942 3734 propterea
967 3658 1047 3734 quod
1070 3657 1191 3716 Diocles
1220 3659 1250 3715 10
1279 3658 1364 3716 111010
1393 3677 1419 3714 r.
1437 3659 1472 3716 21
1504 3657 1613 3716 dicitur
1640 3660 1776 3716 eminere

438 3763 519 3817 nocis
549 3760 739 3818 coactionibus
763 3771 787 3818 01
807 3778 957 3834 numqaum
980 3771 1044 3818 0010
1069 3759 1158 3820 titulis
1185 3763 1310 3836 scriptis.
1355 3757 1535 3817 Coactioncs
1558 3761 1636 3818 enim
1664 3752 1777 3836 ar'gen-

439 3861 541 3930 tsrias,
569 3879 645 3937 quas
668 3863 717 3919 hic
741 3862 902 3936 significari
926 3860 1157 3918 Friedlaendero
1181 3863 1276 3920 visum
1299 3869 1352 3930 est,
1375 3871 1404 3918 et
1426 3861 1623 3936 veriloquium
1646 3869 1674 3918 01
1697 3880 1776 3920 usus

440 3963 570 4020 ostendit
595 3981 652 4020 non
681 3963 718 4019 ad
742 3965 883 4038 pecunias
906 3972 1013 4038 sponte
1036 3961 1161 4021 collatus
1184 3964 1342 4038 pertinere,
1371 3962 1424 4020 sed
1447 3963 1484 4018 ad
1507 3963 1695 4038 pecuniarum
1720 3964 1778 4022 de-

439 4063 568 4121 bitarum
596 4069 789 4122 exactionem.
841 4064 1015 4123 Coactionis
1043 4072 1142 4122 autem
1174 4064 1349 4122 vocabulum
1378 4066 1427 4122 hic
1452 4073 1613 4140 usurpatur
1639 4069 1680 4122 ita
1707 4065 1778 4122 fere

441 4175 472 4223 ut
503 4165 582 4241 apud
610 4166 765 4240 aequalem
798 4166 972 4243 scriptorem
1006 4164 1115 4225 Gaium
1144 4166 1174 4236 4,
1198 4168 1234 4224 15
1262 4166 1371 4242 legitur
1397 4185 1501 4224 000000
1527 4170 1659 4224 contactio
1686 4175 1780 4241 quusi

441 4285 546 4324 000000
568 4285 636 4323 suae
659 4267 788 4324 1050000
811 4271 928 4340 coactio,
951 4269 1219 4346 intellegunturque
1241 4269 1326 4343 ipsae
1352 4269 1423 4326 illae
1448 4269 1686 4344 comparationes
1710 4271 1779 4327 vic-

440 4369 581 4426 toriarum
604 4367 719 4426 Dioclis
741 4379 770 4427 ct
798 4369 921 4427 aliorum
945 4369 1093 4428 clarorum
1117 4370 1295 4446 aurigarum,
1322 4370 1431 4445 quibus
1458 4370 1514 4428 sub
1535 4370 1780 4446 praescriptione

440 4466 576 4545 ‘insipoiu
604 4465 675 4528 eius'
703 4480 838 4528 extrema
864 4471 940 4528 111011
967 4489 1038 4546 pars
1070 4467 1247 4529 continetur.
1295 4472 1453 4547 Proprium
1482 4471 1538 4528 hoc
1566 4490 1685 4548 quoque
1714 4473 1780 4533 fuit

440 4571 578 4630 ludorum
607 4571 686 4648 apud
715 4572 882 4643 11000000,
913 4574 992 4647 quod
1027 4563 1174 4631 amatores
1208 4573 1365 4648 plausibus
1395 4585 1424 4632 et
1451 4573 1526 4630 rixis
1556 4573 1651 4650 magis
1679 4591 1781 4648 quam

441 4674 570 4731 nummis
597 4673 778 4733 adiuvabant
803 4675 913 4749 quibus
941 4674 1081 4734 favebant
1109 4683 1138 4733 et
1166 4675 1255 4751 longe
1281 4674 1398 4733 facilius
1420 4694 1521 4734 eorum
1543 4691 1636 4733 causa
1656 4694 1783 4755 pugna·
1864 4691 1865 4706 ¹

441 4774 514 4832 baut
535 4795 624 4851 quam
647 4777 851 4834 numerabant.

1472 4859 1530 4919 Tu.
1554 4860 1734 4920 11οο0000.

902 4944 1310 4952 -φ--ι--ι-υ--ι--ι

874 5183 990 5242 Prodiit
1012 5183 1040 5241 d.
1064 5183 1081 5242 8
1104 5184 1235 5242 Ianuarii
1261 5183 1349 5242 1879.

870 5427 972 5476 Formis
991 5427 1156 5478 Academicis
1178 5426 1342 5492 (01001).
