3618 5968
476 631 777 683 OBSERVATIONES
805 629 1087 681 EPIGRAPHIOAE.

130 804 316 864 Crustumina
356 805 666 881 ΚΡΟΣΤΟΜΕΙΝΑΙ)
702 805 863 882 :Pompeii

128 906 251 966 Falerna
357 911 524 965 ΦΑΛΕΡΝΑ
705 929 711 964 :
729 904 896 982 Sempronii

128 1007 244 1068 Galeria
358 1015 378 1066 Γ
381 1012 509 1065 ΑΛΕΡΙΑ
705 1031 712 1066 :
730 1007 797 1069 Silii

126 1109 264 1170 Lemonia
358 1113 523 1168 ΛΕΜΩΝΙΑ
705 1132 711 1168 :
729 1111 820 1168 Atinii
838 1143 878 1152 -
894 1108 1055 1168 Numitorii

125 1213 257 1271 Menenia
356 1217 522 1270 ΜΕΝΗΝΙΑ
704 1232 711 1269 :
729 1213 840 1289 Anogii
853 1211 1059 1287 (ΜΕΝΕΙΝΙΑ)
1073 1211 1240 1269 -Memnii
1257 1210 1444 1286 (ΜΕΛΙΗ..,)

806 1347 848 1356 -
863 1314 977 1372 incerta
991 1331 1066 1390 gens
1083 1313 1290 1390 (ΜΕΛΙΗΝΙΑ)

123 1417 216 1475 Pollia
354 1420 497 1474 ΠΟΛΛΙΑ
703 1439 710 1474 :
728 1414 845 1475 Claudii

121 1520 294 1578 Pomentina
352 1516 646 1594 uonfiurstrtat)
700 1518 832 1576 :Lucilii

120 1622 247 1700 Poplilia
351 1620 575 1695 nomnium)
700 1642 707 1678 t
725 1619 831 1679 Rubrii

121 1721 243 1796 Quirina
354 1727 448 1779 ΚΥΡΕ
465 1766 472 1781 .
489 1764 496 1780 .
514 1767 520 1782 .
538 1767 545 1782 .
701 1744 708 1779 ε
726 1723 808 1780 Albii
823 1754 861 1764 —
879 1721 963 1780 Didii

119 1825 255 1886 Romulia
354 1821 557 1901 saaraim)
612 1894 613 1899 ἵ
701 1822 857 1883 :Cornelii

120 1925 261 1987 Sabatina
353 1930 558 1984 ΣΑΒΑΤΕΙΝΑ
701 1947 709 1982 :
725 1923 849 1988 Carvilii
867 1959 903 1969 -
919 1926 989 1985 Filii

120 2027 235 2107 Scaptia
352 2031 485 2085 ΣΚΑΠΙΑ
700 2049 707 2084 :
724 2028 813 2103 Pupii

118 2129 271 2190 Stellatina
348 2134 524 2187 ΣΤΗΛΑΤΕ
540 2172 547 2187 .
564 2173 572 2188 .
699 2152 707 2187 :
724 2129 856 2188 Cornelii

116 2233 253 2294 Teretina
350 2236 567 2290 ΤΗΡΗΤΕΙΝΑ
697 2253 704 2288 :
722 2231 862 2291 Cosconii
876 2265 912 2275 -
931 2231 1092 2290 Licinii-
1110 2232 1231 2308 Popillii

116 2335 237 2394 Veturia
352 2338 542 2392 ΟΥΕΤΥΡΙΑ
554 2333 583 2409 ⁵)
699 2355 706 2390 ε
722 2332 825 2392 Nautii

116 2436 257 2498 Ufentina
351 2436 621 2513 [οΥ]ΦΕΝΤΕΙΝΑ
699 2456 705 2492 :
722 2438 769 2495 Ae
784 2479 791 2494 .
809 2481 815 2494 .
833 2480 839 2494 .
856 2480 864 2495 .

114 2624 159 2682 Ex
188 2625 330 2702 gentibus
361 2642 438 2682 nova
466 2624 495 2680 ni
523 2623 612 2680 fallor
641 2631 685 2682 est
706 2624 825 2702 Anogia
854 2623 916 2682 sive
944 2643 981 2682 ea
1010 2623 1121 2682 Anotia
1149 2625 1221 2694 fuit;
1253 2625 1330 2684 aliae
1358 2644 1439 2684 ccm-

3 2749 4 2778 ι
113 2727 220 2801 plures,
247 2737 283 2786 ut
308 2727 417 2798 Atinia,
446 2725 547 2797 Albia,
577 2725 707 2796 Falerio,
736 2725 867 2802 Fil(l)ia,
899 2725 1019 2798 Gessia,
1047 2727 1143 2785 adhuc
1168 2729 1245 2785 inter
1273 2728 1439 2786 senatorias

113 2829 216 2889 domus
240 2829 352 2888 liberae
374 2829 416 2886 rei
438 2828 573 2903 publicae
596 2847 656 2886 uon
679 2837 915 2906 comparuerunt.
963 2830 1025 2905 Ipsi
1048 2830 1184 2888 homines
1207 2830 1267 2888 fere
1290 2830 1328 2887 ad
1350 2849 1439 2888 unum

113 2949 211 2990 omnes
235 2941 289 2990 aut
310 2931 404 3008 ignoti
427 2942 497 2989 sunt
519 2939 570 2988 aut
591 2941 669 2989 certe
692 2931 765 2989 satis
792 2941 874 2989 certa
901 2932 1016 2990 ratione
1043 2931 1233 2990 determinari
1255 2951 1313 2990 nou
1336 2943 1440 3007 potue-

111 3042 190 3106 runt3
224 3053 377 3111 perpauca
416 3051 494 3109 quae
532 3034 731 3111 suppetebant
762 3033 798 3091 de
832 3033 958 3109 singulis
991 3051 1086 3108 eaque
1119 3035 1236 3093 incerta
1264 3035 1364 3093 omnia
1399 3033 1438 3091 ad

113 3137 230 3196 nomina
251 3136 409 3212 adscripsi.
453 3135 583 3195 Utiliora
611 3143 689 3208 sunt,
719 3154 795 3212 quae
821 3135 891 3193 hinc
917 3135 1098 3213 colliguntur
1124 3137 1160 3195 dc
1187 3137 1321 3195 tribubus
1344 3137 1437 3194 horni-

112 3258 178 3298 num
205 3239 366 3298 nobilium:
395 3237 511 3296 scilicet
538 3238 594 3296 hac
623 3245 719 3296 aetate
745 3238 822 3296 fixas
852 3248 881 3295 et
905 3238 1099 3296 hereditarias
1126 3239 1225 3297 nullus
1251 3240 1356 3309 fuisse,
1384 3239 1437 3296 sod

109 3341 221 3400 ratione
245 3341 348 3400 habita
369 3340 556 3418 praediorum
579 3358 657 3415 quae
683 3341 808 3418 quisque
831 3341 1000 3417 possideret
1020 3339 1157 3399 homines
1185 3341 1216 3399 in
1238 3341 1294 3400 hac
1318 3341 1364 3398 vel
1385 3340 1438 3398 illa

182 3571 206 3634 ¹)
229 3573 353 3626 Similiter
375 3571 533 3624 Crustumina
558 3575 725 3639 perscriptum
751 3573 1055 3624 estvol.IIIn.1188.
1089 3573 1139 3634 Qui
1159 3575 1222 3624 haee
1241 3574 1359 3624 exaravit
1377 3589 1436 3639 pro-

108 3667 295 3716 nuntiationem
316 3668 396 3731 magis
416 3674 516 3718 secatus
535 3674 573 3717 est
590 3681 667 3732 quam
686 3668 837 3731 scripturam
860 3667 983 3717 memoria
1003 3667 1138 3730 traditam3
1159 3668 1235 3717 simili
1254 3667 1354 3717 ratione
1368 3667 1436 3716 inira

113 3753 215 3808 Veturia
236 3765 282 3820 est,
302 3775 354 3810 nou
374 3756 488 3809 Veturio.

180 3847 206 3912 ²)
227 3853 319 3916 Aeque
343 3853 369 3902 in
395 3868 442 3902 usu
467 3852 569 3901 fuerunt
594 3847 736 3902 Pontitiuas
761 3849 837 3914 (Cato
860 3852 892 3901 fr.
912 3867 937 3916 p.
953 3854 986 3901 12
1010 3851 1135 3914 Jordan),
1165 3867 1274 3917 quocum
1299 3853 1437 3902 concinunt

108 3938 199 3992 Suessa
218 3942 333 3993 Pometia
357 3944 468 4006 (Plinius
488 3943 512 4006 3,
529 3944 553 4004 5,
568 3945 616 4005 68;
641 3945 730 3994 Livius
752 3948 775 4005 1,
791 3944 836 4005 53)
861 3951 885 3993 et
909 3939 1016 3994 Pomttu·
1038 3945 1146 4010 Vergilii
1170 3946 1238 3994 Aen.
1253 3945 1278 4006 ss,
1294 3943 1360 4006 urta
1384 3942 1435 3993 Po·

107 4036 225 4085 merlinus
244 4037 286 4086 lric
305 4037 337 4086 de
356 4037 432 4098 tribu,
454 4037 486 4086 de
505 4037 601 4103 populo
621 4037 689 4102 apud
709 4037 864 4100 Dionysium
885 4035 920 4097 (4,
935 4038 970 4087 50
989 4045 1015 4086 et
1033 4037 1106 4098 alibi)
1127 4045 1151 4086 et
1165 4037 1317 4090 Strabonem
1337 4036 1362 4097 5,
1378 4035 1401 4096 3,
1418 4037 1435 4087 4

107 4141 130 4189 p.
145 4129 207 4190 231,
233 4144 284 4193 quo
309 4131 370 4178 item
390 4130 528 4179 referemus
547 4129 706 4194 gentilicium
725 4127 886 4178 Pomentinaa
905 4129 955 4179 vol.
976 4131 1018 4179 III
1039 4145 1064 4179 n.
1079 4129 1141 4180 622.
1163 4129 1247 4193 1748;
1280 4127 1435 4197 Pomptinus,

107 4221 173 4281 quod
192 4228 222 4270 at
241 4221 274 4270 de
293 4222 355 4271 urbe
375 4237 434 4273 raro
454 4221 555 4283 (Festus
570 4238 609 4287 ep.
623 4236 648 4286 p.
664 4220 736 4282 232),
756 4222 792 4270 ita
810 4222 906 4286 passim
925 4231 977 4271 tam
997 4223 1029 4272 de
1049 4237 1110 4286 agro
1130 4238 1205 4287 quam
1225 4221 1257 4271 de
1276 4222 1343 4271 tribu
1362 4238 1435 4271 usur-

106 4317 187 4373 patur,
214 4327 297 4376 neque
321 4314 443 4378 ignobilis
467 4322 505 4365 est
532 4313 558 4364 0.
584 4313 732 4380 Ponqttiuaa
760 4321 863 4378 praetor
889 4329 912 4364 a.
933 4315 995 4364 691.
1038 4313 1129 4364 Pomit.
1161 4315 1225 4364 tituli
1256 4314 1435 4379 Traguriensis

106 4403 154 4451 vol.
177 4403 219 4454 111
238 4421 264 4454 u.
279 4405 349 4454 2678
370 4407 487 4456 lectionis
506 4422 596 4472 parum
617 4415 700 4456 certae
719 4413 780 4471 puto
801 4413 948 4471 corruptum
968 4422 1000 4456 ex
1021 4405 1134 4473 Pompt.;
1154 4405 1292 4468 Pontinas,
1311 4405 1435 4457 Pontinas

106 4493 205 4544 idoneis
231 4498 383 4548 testimoniis
408 4507 504 4548 carent.
537 4499 707 4550 Grammatioi
727 4507 812 4547 autem
832 4501 925 4563 opinor
949 4499 1034 4563 magni
1053 4499 1148 4548 facient
1166 4515 1199 4548 ex
1224 4499 1273 4549 hoe
1292 4500 1433 4549 certissimo

105 4589 224 4653 exemplo
244 4589 295 4639 iam
316 4598 433 4641 constare
452 4599 557 4657 propter
576 4591 662 4658 lugam
683 4606 748 4656 quae
768 4598 806 4641 est
823 4593 891 4642 inter
910 4593 1007 4642 litteras
1026 4607 1049 4640 m
1068 4599 1093 4642 et
1113 4597 1123 4640 ι
1141 4591 1219 4642 modo
1238 4593 1317 4644 inseri
1332 4609 1353 4658 p
1374 4609 1433 4642 con·

105 4689 248 4742 sonantem,
269 4683 346 4732 modo
366 4679 438 4732 drel
457 4699 494 4733 en.

179 4769 205 4836 ²)
225 4771 320 4824 Publil.
341 4783 378 4825 est
397 4775 448 4826 vol.
462 4777 488 4825 V
507 4792 531 4826 n.
548 4775 609 4836 911,
630 4773 716 4825 Publi.
738 4776 787 4825 vol.
800 4777 843 4828 IlI
862 4793 887 4826 n.
902 4777 982 4839 4478,
1003 4773 1078 4826 Publ.
1098 4778 1149 4827 vol.
1162 4777 1204 4827 111
1223 4793 1248 4826 n.
1265 4777 1348 4838 ccam
1368 4775 1432 4826 Pub.

105 4871 128 4910 et
142 4862 206 4914 Pac.
221 4868 314 4931 passim
329 4867 500 4918 inueniuntur.
533 4869 564 4918 In
579 4867 606 4919 S.
617 4867 646 4918 0.
661 4868 692 4918 de
706 4869 862 4934 Asclepiade
876 4884 899 4919 a.
911 4871 963 4919 678
987 4868 1046 4930 (vol.
1057 4869 1071 4918 1
1084 4886 1109 4935 p.
1121 4869 1183 4932 120)
1197 4870 1381 4924 ΠΟΠΛΙΑΙΑ
1396 4877 1434 4918 est

104 4969 149 5017 pro
168 4957 363 5015 ΠΟΠΛΙΛΙΑ.
404 4959 515 5010 Diverso
545 4973 632 5010 errore
658 4961 839 5025 quadratarius
859 4961 1050 5026 Adramytenus
1070 4977 1116 5027 pro
1136 4962 1228 5011 eodem
1246 4961 1431 5016 ΠΟΠΙΛΛΙΑ

104 5047 181 5098 dedit.

178 5139 203 5203 ⁴)
223 5141 319 5194 Romul.
345 5146 406 5194 item
430 5144 508 5194 habet
538 5145 626 5194 titulus
651 5146 784 5196 Atestinus
807 5145 1044 5207 v01.v11.2785;
1074 5143 1192 5196 Romulia
1215 5145 1306 5196 Festus
1325 5163 1349 5210 p.
1366 5147 1431 5210 2713

103 5229 226 5284 Rmnulea
239 5236 331 5287 Cicero
345 5238 419 5287 Verr.
433 5243 474 5287 act
489 5240 513 5300 1,
529 5239 553 5299 8,
568 5239 602 5288 23
617 5238 755 5288 seeundum
770 5239 894 5303 optimum
906 5237 1014 5300 libram;
1028 5236 1139 5288 Romilia
1151 5239 1237 5288 Varro
1250 5239 1267 5290 l.
1281 5239 1311 5288 L.
1327 5239 1352 5300 5,
1367 5236 1409 5288 56.

177 5323 202 5390 ⁵)
222 5329 278 5379 tide
298 5343 376 5393 supra
397 5330 457 5381 adu.
473 5331 497 5380 1.
