3662 5974
559 637 924 701 vurananoavmuvu.
983 687 984 692 ,
1332 614 1403 696 501

89 809 196 870 Prodiit
221 810 348 886 primum
375 810 407 867 in
434 810 501 887 eph.
528 808 641 869 Gazette
663 812 697 869 de
718 810 808 887 Libye
832 812 879 870 17.
899 811 989 870 Febr.
1013 813 1102 884 1881,
1132 831 1222 889 quam
1250 833 1308 874 nou
1336 815 1406 888 vidi,

87 912 183 971 deinde
212 929 283 969 cura
309 908 557 971 Schuermannsii
588 911 622 970 in
649 913 716 989 eph.
747 913 939 973 Bruxellensi
968 913 1098 975 Bullatia
1127 916 1176 974 des
1208 915 1407 976 Commiaa'cns

87 1013 191 1092 reputer
214 1011 291 1072 d’art
312 1011 705 1090 11ἀ’0101ὁο70911101.20
728 1011 840 1092 (1881)
861 1033 889 1092 p.
909 1013 978 1074 123.

166 1216 194 1293 ¹)
226 1215 321 1274 Iidem
344 1216 473 1276 honores
495 1217 620 1276 redeunt
641 1217 672 1276 iu
693 1217 760 1297 lege
782 1217 913 1278 eiusdem
934 1218 1406 1296 11111101111118611111111.

165 1318 195 1395 ²)
226 1318 403 1395 Requiritur
424 1319 474 1376 ala
495 1319 599 1394 aliqua
620 1319 726 1396 prima,
748 1311 889 1395 quoniam
912 1321 1008 1380 altera
1021 1323 1118 1399 prima
1134 1322 1278 1398 sequitur,
1300 1341 1408 1383 nomen

84 1423 192 1482 habens
212 1419 384 1498 prertitum
404 1428 465 1478 tam
485 1439 504 1478 a
523 1419 635 1498 populo
655 1440 745 1498 quam
760 1440 779 1479 a
792 1422 865 1481 duce
880 1423 999 1482 ductum
1013 1423 1180 1482 litterarum
1195 1442 1220 1484 c.
1236 1423 1307 1499 XV,
1329 1425 1408 1483 deni·

82 1543 138 1601 que
161 1522 311 1601 appellata
337 1522 446 1581 civium
470 1521 685 1582 Romanorum.
732 1521 790 1582 His
816 1523 948 1583 numeris
975 1526 1112 1584 omnibus
1138 1544 1215 1602 quae
1241 1527 1409 1586 satisfaciat

82 1625 190 1684 nullam
212 1625 340 1702 repperi.

165 1725 194 1801 3)
227 1725 316 1784 Redit
336 1725 366 1784 in
389 1725 522 1784 exercitu
544 1725 718 1785 Britannico
740 1746 766 1786 u.
786 1726 843 1784 105
866 1727 941 1803 (vol.
957 1727 1004 1786 III
1021 1747 1049 1804 p.
1063 1728 1122 1790 866
1143 1749 1171 1788 n.
1184 1728 1322 1804 XXIII).
1358 1729 1408 1788 Ex

81 1849 118 1888 ea
139 1836 306 1887 veteranum
333 1827 444 1900 fuisse,
476 1826 523 1885 cui
555 1828 611 1886 hoc
641 1828 827 1905 privilegium
858 1829 959 1888 datum
987 1831 1035 1902 sit,
1064 1831 1259 1908 probabiliter
1283 1832 1409 1890 coniecit

80 1932 312 2001 Schuermanns3
346 1930 430 1989 locus
462 1930 541 1987 euim
571 1929 600 1986 in
632 1947 692 2005 quo
725 1939 861 2006 repertus
893 1940 940 1989 est
972 1931 1044 1990 olim
1073 1931 1262 2008 Tungrorum
1294 1932 1410 1991 videtur

78 2035 184 2094 fuisse.
228 2031 358 2091 Omnino
380 2031 432 2106 qui
454 2030 485 2090 id
506 2031 686 2107 impetravit,
712 2050 772 2090 nun
792 2031 825 2090 iu
847 2031 1005 2091 Britannia
1026 2034 1147 2107 mansit,
1175 2035 1228 2093 scd
1250 2043 1320 2111 post
1341 2034 1409 2093 mis·

77 2137 192 2195 sionem
214 2133 333 2192 domum
355 2151 494 2192 reversus
517 2141 571 2192 est.

165 2234 196 2312 ⁴)
228 2235 276 2294 Ex
300 2234 473 2294 cohortibus
496 2253 561 2304 sex,
584 2235 623 2293 ad
637 2252 711 2310 quas
726 2234 914 2312 privilegium
935 2235 1089 2312 pertinuit,
1112 2243 1260 2312 quattuor,
1283 2255 1408 2312 quarum

74 2339 200 2398 nomina
220 2345 395 2412 supersunt,
422 2353 524 2394 omnes
551 2335 727 2395 redeuntia
749 2337 816 2414 lege
840 2337 953 2414 pariter
975 2339 1014 2396 ad
1035 2337 1222 2396 Britanniam
1243 2339 1409 2414 pertinente

74 2463 102 2500 a.
124 2440 194 2512 124,
216 2441 377 2516 pleraeque
398 2437 518 2497 aliunde
540 2455 658 2514 quoque
678 2438 750 2498 satis
766 2447 947 2498 110111111101.
982 2439 1155 2500 Desiderari
1170 2441 1298 2517 primam
1312 2449 1407 2518 patet3

72 2544 175 2603 altera
199 2560 275 2617 quae
301 2540 401 2600 delicit
426 2540 548 2598 dubium
576 2547 622 2599 est
644 2549 740 2599 utrum
762 2541 907 2600 exciderit
926 2549 997 2619 post
1018 2541 1034 2598 I
1056 2541 1259 2616 Hispanorum
1280 2562 1318 2601 an
1341 2552 1411 2620 post

70 2643 336 2714 IVardullorum;
360 2642 489 2718 spatium
513 2650 640 2718 utroque
661 2642 729 2700 loco
751 2642 871 2713 sufficit,
894 2643 946 2701 sed
968 2643 1162 2719 posteriorem
1184 2661 1243 2700 non
1266 2643 1409 2702 habemus

70 2747 228 2823 quomodo
254 2744 428 2820 expleamus
458 2743 517 2802 nisi
548 2742 681 2802 cohortis
712 2743 855 2803 vocabulo
887 2745 1015 2816 inserto,
1045 2745 1145 2821 priore
1177 2744 1258 2802 alind
1287 2745 1409 2820 aliquod

68 2847 256 2908 vocabulum
283 2846 321 2904 ad
346 2845 547 2922 Hispanorum
571 2851 672 2921 potest
697 2844 844 2905 adiectum
869 2846 978 2918 luisse,
1005 2865 1184 2923 quamquam
1206 2847 1314 2906 cohors
1336 2848 1410 2905 haec

66 2951 101 3009 in
127 2948 289 3008 Britannia
310 2948 368 3006 sub
389 2965 425 3006 eo
447 2946 567 3006 nomine
588 2947 653 3006 solo
675 2947 795 3024 saepius
816 2956 1004 3007 memoratur.

167 3050 195 3126 ⁵)
227 3049 276 3109 De
298 3049 335 3108 T.
359 3049 469 3108 Avidio
493 3046 602 3121 Quieto
629 3049 702 3107 haec
727 3049 824 3108 adhuc
849 3048 1050 3108 innotuerunt.
1100 3050 1288 3108 Praenomen
1315 3067 1410 3126 nuper

63 3163 259 3230 aperuerunt
280 3150 399 3210 fistulae
421 3150 552 3209 urbanae
573 3150 670 3209 editae
693 3171 712 3208 a
733 3139 998 3210 O.'L.V1sc0ntio
1020 3150 1101 3209 Ball.
1124 3151 1202 3210 della
1221 3169 1316 3210 comm.
1330 3151 1408 3210 arch.

62 3257 101 3315 dt
125 3256 224 3313 Roma
245 3255 262 3313 5
284 3273 313 3331 p.
331 3253 368 3312 73
391 3260 421 3310 11
442 3272 460 3311 a
481 3251 647 3312 Lancianio
669 3253 700 3311 in
722 3251 842 3330 egregio
864 3253 1077 3311 commentario
1097 3251 1122 3310 le
1136 3270 1225 3329 acque
1240 3272 1254 3312 c
1266 3252 1310 3329 pli
1324 3271 1411 3329 aqae-

62 3359 149 3416 dotti
172 3373 202 3430 p.
218 3355 275 3413 291
300 3375 329 3412 n.
346 3353 385 3414 64
407 3373 436 3430 p.
454 3353 514 3412 tto
535 3372 564 3411 n.
583 3355 651 3412 191.
695 3353 827 3431 'segulae
852 3372 971 3431 qnoque
996 3353 1129 3412 eiusdem
1151 3353 1222 3425 viri,
1250 3354 1303 3412 sed
1324 3374 1409 3432 prae·

56 3457 201 3518 nomine
222 3465 356 3515 carentes
378 3454 570 3515 innotuerunt
591 3463 652 3514 tam
674 3474 713 3514 ex
736 3454 809 3513 urbe
830 3455 929 3514 Roma
951 3452 1103 3531 (Visconti
1120 3454 1140 3513 l.
1157 3473 1181 3513 c.
1198 3475 1226 3532 p.
1244 3454 1297 3530 75)
1320 3474 1409 3532 quam

58 3581 106 3618 ex
136 3557 243 3617 insula
264 3555 417 3628 Sardinia,
445 3557 494 3616 ubi
520 3557 580 3616 vidi
605 3557 670 3633 ipse
694 3558 725 3615 iu
752 3575 855 3616 museo
878 3553 1081 3635 Oagliaritano
1108 3555 1226 3634 (Spano
1248 3560 1316 3614 iecr.
1333 3559 1409 3634 ,ripu-

55 3664 183 3720 Ir'norie
209 3661 294 3718 carde
319 3680 348 3737 p.
371 3660 407 3718 19
430 3679 458 3718 n.
481 3658 545 3733 85).
595 3659 731 3718 Eundem
758 3678 785 3716 a.
806 3660 844 3718 89
872 3659 1043 3734 provinciae
1070 3656 1217 3717 Thraciae
1242 3658 1410 3734 praefuisse

53 3767 210 3840 legatum
236 3761 306 3837 imp.
333 3760 501 3819 Domitiani
527 3779 622 3838 nuper
648 3762 779 3819 ostendit
807 3760 956 3820 decretum
984 3759 1130 3818 urbanum
1155 3760 1272 3836 insigne
1298 3760 1409 3818 editum

51 3865 129 3926 vol.
145 3863 195 3921 VI
210 3883 238 3921 11.
252 3861 344 3935 3828,
366 3881 436 3920 aere
450 3862 577 3921 inclaum
592 3881 611 3920 a
625 3862 782 3921 Viscontio
799 3862 832 3938 (l.
849 3861 901 3937 c),
924 3861 1000 3921 unde
1021 3863 1092 3920 item
1112 3861 1270 3921 didicimus
1293 3861 1409 3938 (quam-

50 3985 168 4044 quam
184 3964 407 4040 Marquardtius
430 3963 460 4022 iu
483 3983 596 4039 nupera
616 3964 819 4041 recognitione
841 3963 1150 4041 Stactrvarwcltanpl
1168 3983 1198 4040 p.
1215 3964 1275 4022 314
1290 3964 1410 4023 invento

50 4085 150 4129 usus
176 4085 236 4124 uon
258 4066 317 4142 111)
337 4085 398 4125 non
417 4064 592 4137 Traianum,
615 4073 648 4123 ut
670 4065 767 4124 adhuc
788 4066 970 4136 statuebant,
992 4067 1046 4124 sed
1066 4064 1271 4124 Domitianum
1294 4066 1321 4123 ei
1342 4084 1410 4142 pro·

47 4169 197 4232 vinciae
218 4167 350 4245 legatum
372 4167 500 4226 6111111.
536 4166 673 4225 Eundem
696 4185 762 4226 esse
783 4168 993 4245 proconsulem
1013 4167 1114 4227 nescio
1137 4167 1222 4227 cuius
1238 4168 1410 4244 provinciae

45 4273 231 4348 Quietum,
259 4288 346 4345 quern
369 4269 473 4328 laudat
495 4268 606 4328 amicus
629 4269 694 4328 eius
714 4269 894 4328 Plutarchus
919 4278 1034 4346 quaest.
1058 4288 1143 4328 conv.
1161 4268 1189 4340 8,
1208 4268 1234 4342 1,
1250 4271 1279 4341 5,
1301 4270 1409 4347 proba·

43 4375 180 4435 biliter
201 4371 302 4446 posuit
323 4371 431 4450 Patzig
452 4370 580 4447 (quaest.
604 4370 809 4431 Plutarcheae.
832 4371 967 4429 Berolini
989 4370 1067 4431 1876
1090 4389 1120 4447 p.
1136 4371 1205 4446 48),
1230 4389 1410 4447 quamquam

39 4481 91 4538 de
130 4473 268 4532 lectione
290 4493 349 4532 non
376 4474 449 4532 11111
475 4479 594 4532 constat
615 4472 844 4549 Macrobiusque
866 4473 946 4531 huuc
967 4473 1065 4530 locum
1087 4471 1255 4550 compilans
1277 4480 1310 4531 ut
1330 4480 1411 4534 recte

38 4576 229 4639 hominem
248 4574 414 4633 Domitiani
434 4575 617 4651 temporibus
640 4574 831 4642 adiudicavit,
853 4573 896 4632 ita
913 4593 1020 4632 nomen
1036 4574 1100 4631 eius
1114 4573 1194 4632 male
1209 4574 1239 4632 in
1254 4572 1290 4632 L.
1306 4573 1411 4648 Quinti

35 4676 222 4752 corrupit.
259 4674 338 4735 Nam
360 4674 423 4735 veri
446 4675 543 4734 simile
564 4683 619 4748 111,
643 4685 676 4735 ut
694 4676 849 4752 Patzigius
870 4676 1018 4751 exposuit,
1040 4675 1119 4734 huno
1141 4675 1266 4733 alterum
1285 4692 1354 4735 esse
1372 4695 1411 4735 ex

33 4778 223 4844 fratribus
238 4777 362 4849 duobus,
379 4778 487 4853 quibus
498 4777 678 4836 Plutarchus
694 4777 800 4836 librum
817 4777 854 4835 de
866 4776 998 4836 fraterno
1014 4795 1113 4836 amore
1128 4776 1281 4849 dedicarit,
1297 4776 1412 4850 Quinto

30 4917 93 4932 --
127 4882 233 4939 immo
257 4877 367 4952 Quieto
391 4912 433 4922 -—
460 4888 489 4938 et
514 4878 652 4955 Nigrino,
679 4896 789 4954 eosque
815 4878 909 4936 luisse
936 4878 1077 4950 Avidius3
1107 4877 1234 4954 demque
1258 4869 1354 4952 Κόνιε,
1379 4888 1413 4939 ut

30 4995 100 5050 est
124 4983 172 5042 in
187 4979 257 5038 Itbri
272 4980 309 5039 de
324 4998 392 5040 sera
407 4981 535 5039 numinis
557 4980 686 5039 riudicta
707 4980 903 5051 dedicatione,
926 4988 955 5038 11
975 4980 1074 5058 ipsum
1097 4979 1271 5038 mutandum
1293 4997 1359 5038 esse
1379 4982 1411 5039 in

30 5079 184 5154 Κόητε.
220 5083 257 5139 A.
279 5083 317 5141 97
341 5083 372 5141 iu
394 5091 500 5141 senatu
522 5083 698 5142 sententiam
721 5082 788 5141 tulit
810 5081 941 5157 (Plinius
962 5099 1008 5156 ep.
1025 5081 1053 5154 9,
1072 5081 1119 5155 18,
1138 5080 1199 5158 13).
1237 5078 1321 5139 Obiit
1342 5090 1411 5141 ante

30 5215 64 5254 a.
95 5183 185 5246 107
206 5183 338 5258 (PlinIus
353 5203 399 5260 ep.
416 5185 444 5258 6,
461 5184 511 5256 29,
530 5186 560 5256 13
583 5185 621 5244 cl'.
643 5184 734 5244 index
755 5182 834 5242 Ptin.
856 5204 885 5262 p.
901 5182 988 5260 403).
1024 5181 1104 5242 Huic
1125 5201 1191 5241 cum
1212 5182 1324 5259 legatio
1346 5183 1410 5243 Bri·
1437 5243 1441 5253 ,

30 5285 304 5356 manicasse
327 5288 446 5364 egregie
468 5287 640 5360 conveniat,
667 5303 830 5364 cognomen
853 5285 1069 5362 supplementis
1092 5288 1225 5343 iuserere
1246 5303 1307 5343 non
1328 5284 1412 5344 dubi-
