3770 5970
558 593 695 646 nonem
715 594 896 646 rnnemon.
924 593 1051 646 nncrn.
1420 578 1464 647 61

145 765 259 844 'grapho
290 786 318 826 v.
347 767 382 826 cl.
409 767 536 826 Antonii
567 767 716 840 Verantii,
750 769 831 843 quod
863 787 955 844 penes
991 786 1036 826 00.
1067 766 1263 826 Franciscum
1296 768 1469 847 Draganich

145 865 273 930 ‘Sibenici
308 864 508 940 asservatnr'3
544 875 575 926 in
609 870 741 946 margine
777 870 911 928 additur:
949 867 1010 928 'ms
1044 889 1105 928 non
1141 879 1205 928 erat
1240 871 1303 928 eius
1340 865 1467 929 manus'.

143 972 173 1028 ln
196 973 248 1029 fine
273 972 368 1048 partis
395 971 505 1049 prioris
533 971 642 1048 legitur
667 968 809 1030 ‘Michael
832 972 990 1030 Wrancius
1015 967 1116 1030 1532’:
1146 980 1312 1048 sequuntur
1340 972 1469 1032 disticha

143 1073 201 1130 duo.
232 1075 258 1131 A
276 1073 425 1131 Mezerzio
448 1073 571 1130 veniunt
591 1092 668 1149 quae
691 1074 719 1130 in
737 1073 882 1132 Fortiana
898 1073 1015 1149 sylloge
1030 1092 1172 1132 numeros
1187 1075 1298 1132 habent
1313 1095 1341 1132 n.
1357 1075 1467 1134 1-85.

146 1173 313 1245 102-147;
343 1194 412 1233 0010
439 1174 545 1233 0102
573 1176 602 1232 10
631 1177 732 1234 codice
752 1175 887 1234 Verantii
915 1176 1059 1252 scriptum
1086 1177 1179 1234 fuisse
1204 1187 1275 1254 post
1296 1197 1324 1235 0.
1342 1178 1380 1236 85
1403 1177 1467 1255 ipse

146 1275 234 1334 Fortis
254 1276 303 1335 ait.
348 1277 529 1354 Exemplum
552 1277 609 1335 lroc
630 1278 768 1354 proxime
795 1279 908 1336 accedit
929 1278 967 1335 ad
989 1278 1133 1352 optimum
1151 1277 1344 1350 Vaticanum,
1370 1279 1400 1336 in
1422 1279 1467 1337 lo-

144 1397 232 1436 corum
258 1379 438 1438 indicatione
466 1380 504 1437 ad
531 1379 653 1437 verbum
677 1379 739 1438 fere
762 1399 827 1438 cum
851 1401 886 1438 eo
910 1380 1111 1448 consentiens,
1140 1379 1288 1456 habetque
1310 1390 1466 1455 praeterea

144 1499 306 1556 aequoque
328 1499 406 1556 quae
430 1482 461 1540 in
476 1481 623 1540 Vaticano
646 1481 796 1553 deficiunt,
821 1493 853 1539 nt
875 1483 1067 1540 confirmetur
1089 1482 1157 1539 inde
1179 1483 1260 1558 quod
1282 1483 1354 1540 olim
1378 1484 1466 1557 posui

143 1581 332 1640 Mezerzianae
364 1583 501 1658 syllegae
533 1583 666 1642 codicem
690 1583 905 1642 Verantianum
937 1583 1133 1660 archetypum
1162 1583 1254 1642 fuisse
1283 1585 1465 1660 reliquorum

144 1684 268 1742 omnium.
313 1681 374 1743 Sed
394 1696 494 1742 tamen
517 1705 578 1744 non
601 1686 693 1744 multa
715 1705 754 1744 ex
776 1705 812 1744 eo
834 1704 913 1744 nova
935 1686 1089 1756 accedunt,
1111 1686 1142 1744 in
1163 1687 1210 1744 1110
1233 1686 1404 1764 adscriptus
1427 1687 1465 1744 ad

144 1805 167 1842 n.
183 1786 254 1846 1395
276 1787 341 1846 dies
364 1785 381 1843 7
405 1785 487 1862 Sept.
508 1789 601 1858 1495,
630 1788 706 1846 unde
735 1788 919 1864 intellegitur
943 1788 1003 1846 iam
1031 1795 1094 1846 tum
1121 1788 1300 1846 Mezerzium
1328 1789 1464 1866 syllogen

142 1887 296 1947 incohatam
322 1889 474 1948 habuisse.
518 1891 644 1950 Varium
673 1891 830 1947 lectionem
852 1893 957 1966 paucis
981 1889 1056 1948 locis
1078 1892 1206 1949 enotavi.
1250 1889 1337 1950 Unus
1359 1891 1463 1950 titulus

143 1989 241 2062 0133,
261 1990 348 2050 1101ιί0
372 1991 451 2049 infra
473 2012 502 2050 n.
518 1990 588 2062 162,
610 1991 707 2049 adhuc
729 1991 848 2068 ignotus
871 2001 927 2063 est,
950 1991 1009 2050 nisi
1031 1991 1057 2050 10
1080 2010 1201 2068 qnoque
1216 1993 1312 2071 magis
1335 1994 1464 2070 pertinet

144 2091 174 2148 ad
194 2093 392 2152 additamenta
404 2093 597 2152 Venantiana.

178 2193 202 2250 2.
243 2194 324 2270 Quae
354 2197 385 2253 in
413 2197 517 2254 eadem
546 2195 662 2272 sylloge
690 2207 856 2271 sequuntur
886 2196 943 2253 sub
972 2196 1103 2255 numeris
1129 2194 1312 2269 148-172,
1340 2216 1376 2255 ea
1402 2217 1462 2258 non

142 2296 265 2355 blezerzii
290 2315 357 2356 esse
383 2316 452 2355 cum
477 2317 516 2356 ex
542 2297 667 2374 reliquis
695 2296 841 2373 exemplis
868 2297 1065 2357 Mezerzianis
1092 2299 1275 2375 intellegitur
1301 2307 1364 2357 tum
1392 2300 1461 2358 inde

142 2400 211 2474 quod
234 2399 279 2458 hic
304 2401 340 2458 de
368 2418 400 2459 se
428 2399 574 2460 interdum
601 2399 734 2474 loquitur
752 2399 953 2472 1100101110,
984 2409 1015 2458 01
1042 2401 1081 2458 ad
1107 2401 1213 2459 0156
1241 2401 1376 2460 adnotat:
1406 2397 1461 2460 ‘me

142 2500 245 2559 ridente
260 2496 391 2560 erutum'.
435 2501 519 2561 Haec
541 2502 632 2578 igitur
654 2501 748 2577 ipsius
765 2501 899 2560 Verantii
917 2511 987 2560 sunt
1008 2502 1160 2578 adscripta
1181 2504 1218 2560 ab
1241 2521 1276 2560 eo
1300 2503 1406 2578 opinor
1422 2503 1460 2561 ad

143 2603 256 2662 codicem
282 2622 372 2680 quem
399 2603 530 2663 habebat
556 2604 825 2674 Mezerzianorum‚
854 2611 886 2661 nt
912 2603 995 2662 nulla
1021 2603 1079 2663 nisi
1104 2603 1220 2663 Dacica
1245 2604 1462 2683 epigrammata

143 2703 168 2760 10
190 2723 249 2763 enm
274 2706 385 2764 librum
408 2705 538 2764 referret.
585 2704 719 2763 Verantii
743 2705 832 2764 etiam
855 2714 924 2764 sunt
945 2706 1007 2764 fere
1030 2706 1160 2782 quaein
1183 2705 1301 2783 sylloge
1323 2707 1461 2783 leguntur

143 2808 188 2864 snb
206 2828 231 2864 n.
247 2807 401 2879 86-101,
424 2807 530 2884 quibus
556 2807 771 2882 praescribitur
791 2805 898 2883 ‘ipsius
914 2803 1072 2880 venantii,
1100 2816 1130 2865 01
1151 2828 1179 2866 0.
1199 2805 1371 2881 173-213,
1394 2811 1460 2885 qui-

142 2907 187 2966 bus
209 2909 383 2985 inscriptum
412 2921 456 2968 est
480 2905 704 2986 ‘inscriptiones
731 2918 846 2968 veteres
873 2910 1040 2985 descript-ae
1061 2929 1100 2968 ex
1122 2910 1240 2969 schedis
1262 2911 1458 2987 originalibus

143 3011 249 3070 Antonii
262 3007 420 3082 Verantii‘3
442 3012 516 3070 1ιοεο
538 3019 637 3071 antem
659 3031 718 3071 non
741 3031 780 3070 ex
801 3012 901 3070 codice
923 3011 977 3070 illo
1000 3021 1120 3090 sumpta
1142 3021 1219 3083 sunt,
1243 3012 1296 3071 scd
1316 3032 1355 3072 ex
1375 3015 1458 3072 sche-

143 3109 313 3183 dissolutis,
341 3132 468 3190 quarum
494 3113 569 3172 adeo
596 3114 759 3190 pleraeque
786 3114 872 3191 ipsae
900 3133 961 3172 una
987 3133 1054 3172 cum
1081 3115 1230 3190 exemplis
1257 3115 1318 3172 illis
1345 3116 1383 3174 ad
1411 3136 1458 3174 me

142 3215 316 3274 transmissae
345 3224 424 3274 sunt.
468 3215 552 3274 Haec
579 3216 800 3276 schediasmate
825 3235 892 3274 cum
919 3217 1038 3274 nomine
1054 3216 1189 3275 Verantii
1217 3218 1402 3293 praescripto
1429 3228 1458 3276 et

142 3315 196 3388 ipsa
214 3336 249 3375 ex
269 3327 354 3394 parte
375 3318 489 3376 maiore
511 3316 627 3377 Dacica
648 3319 810 3388 continent,
833 3318 963 3376 maxime
985 3317 1153 3394 Apulensia
1175 3316 1276 3392 (adest
1296 3320 1456 3379 1000100100

142 3417 273 3478 titulorum
300 3438 336 3477 00
363 3428 496 3496 tempore
519 3420 617 3476 Albae
639 3420 736 3478 Iuliae
758 3421 789 3478 in
811 3421 881 3478 aula
902 3420 1046 3497 principis
1069 3420 1296 3480 adservaturum
1318 3423 1458 3499 exempla

143 3517 279 3595 diligenter
298 3521 379 3580 lacta
401 3523 571 3593 continens,
598 3522 668 3581 item
691 3522 767 3580 alter
789 3541 848 3598 qno
871 3523 1062 3580 continentur
1083 3523 1299 3598 epigrammata
1319 3523 1457 3601 dispersa

144 3637 186 3693 per
204 3623 307 3700 oppida
328 3624 388 3682 duo
408 3623 518 3682 Albam
541 3633 571 3681 et
590 3623 826 3702 Klausenburel
849 3632 878 3682 et
899 3624 1013 3699 aliquot
1035 3624 1252 3701 epigrammata
1272 3633 1333 3683 tam
1355 3626 1386 3683 in
1407 3626 1455 3684 his

142 3724 307 3798 reperiuntur
328 3744 419 3802 quam
441 3726 473 3783 in
494 3725 611 3802 sylloge
626 3725 832 3785 Meaerzianae
854 3726 1014 3784 subiuncta
1034 3725 1178 3801 exemplis
1201 3742 1291 3802 saepe
1313 3725 1454 3799 diversis3

143 3823 184 3880 sed
202 3825 297 3886 insunt
316 3836 473 3904 praetcrea
494 3827 584 3886 etiam
606 3827 795 3899 Pannonica,
823 3828 937 3887 scilicet
959 3826 1157 3889 Scarbantina
1178 3827 1325 3904 quaedam
1348 3835 1378 3886 et
1400 3827 1454 3889 Sa·

142 3925 278 3988 curiensis.
317 3927 454 4006 Utraque
468 3928 602 3988 Verantii
624 3930 806 3988 collectanea
827 3930 897 3989 licet
917 3949 1022 4008 parum
1044 3929 1183 3988 ordinata
1203 3929 1365 3989 utilissima
1386 3941 1455 3990 sunt

142 4046 185 4085 ncc
202 4049 306 4105 paucos
329 4031 433 4090 titulos
456 4041 506 4090 aut
528 4032 646 4109 egregie
667 4032 864 4092 emendarunt
885 4041 935 4090 aut
957 4032 1023 4090 sola
1045 4040 1252 4104 servaverunt,
1277 4049 1353 4107 quos
1375 4033 1455 4092 infra

142 4134 349 4206 composuimus.
402 4133 490 4208 Quod
523 4133 562 4191 ad
590 4142 707 4211 tempus
738 4134 858 4207 attinet,
893 4134 968 4192 vixit
996 4133 1157 4193 Verantius
1187 4134 1225 4192 ab
1254 4153 1280 4192 a.
1307 4134 1385 4193 1504
1414 4135 1453 4193 ad

142 4248 162 4286 a.
178 4233 244 4292 1573
266 4235 405 4310 (101111
428 4255 456 4311 p.
476 4235 557 4310 154).
603 4237 638 4293 10
667 4237 784 4296 schedis
807 4239 877 4294 anni
899 4235 974 4294 nulli
996 4236 1129 4295 adnotati
1153 4247 1223 4294 sunt
1243 4245 1452 4313 praeterquam

143 4335 207 4405 qnod
229 4337 257 4394 in
281 4337 370 4409 folio,
397 4337 428 4393 in
456 4355 516 4413 quo
539 4337 647 4415 legitur
668 4337 748 4396 falsa
770 4337 816 4395 Ill
839 4359 867 4397 n.
885 4336 942 4395 22⁰
964 4337 1044 4396 edita
1066 4339 1195 4415 primum
1218 4357 1245 4396 a.
1265 4338 1354 4409 1547,
1381 4339 1451 4398 11010

140 4437 260 4512 scriptum
285 4449 333 4497 est
358 4457 447 4497 mann
466 4439 614 4498 Verantii:
635 4436 677 4498 ‘5.
693 4440 740 4496 die
764 4437 949 4516 Septembris
974 4439 1052 4498 1545
1080 4440 1209 4498 discessi
1231 4437 1377 4500 Sebenico
1393 4441 1453 4500 Ve-

139 4537 216 4596 netias
236 4559 298 4599 cum
321 4541 424 4618 000110
447 4541 556 4612 11150ος
581 4540 628 4599 20.
651 4541 773 4617 perveni
789 4537 949 4600 Venetias’.
994 4541 1041 4599 De
1063 4542 1168 4600 itinere
1191 4543 1256 4600 eius
1280 4541 1367 4600 Bnda
1389 4542 1451 4601 Ha·

138 4636 310 4718 drianopolim
338 4663 365 4702 a.
385 4643 478 4714 1553,
506 4644 590 4702 00100
617 4645 834 4702 enarrationem
861 4643 954 4702 edidit
979 4641 1096 4716 Fortis,
1124 4643 1195 4702 alibi
1222 4643 1284 4702 dixi
1313 4644 1385 4719 (vol.
1402 4644 1451 4702 111

137 4755 157 4810 p.
170 4739 207 4814 4).

169 4843 191 4898 3·
229 4847 377 4906 llarnlina
409 4865 527 4924 quoqne
555 4847 657 4906 Fortis
690 4849 718 4907 ei
750 4849 802 4924 qui
830 4847 939 4907 librum
968 4849 1090 4925 scripsit
1118 4848 1314 4908 describenda
1343 4849 1451 4908 obtulit

135 4951 253 5020 extatque
278 4968 380 5008 corum
408 4950 536 5023 epitome
562 4950 736 5026 imperfecta
763 4951 841 5009 inter
862 4951 990 5010 schedas
1014 4951 1085 5008 milri
1109 4952 1229 5010 missas.
1272 4950 1347 5008 Eam
1371 4951 1449 5008 utili-

135 5047 208 5103 tatem
239 5069 295 5108 000
328 5051 440 5110 habere
475 5051 658 5128 intellegitur
692 5071 730 5110 ex
766 5051 803 5110 iis
837 5071 914 5127 quae
948 5052 1006 5111 vol.
1031 5052 1075 5110 Ill
1108 5073 1137 5132 p.
1165 5053 1225 5111 274
1258 5051 1294 5108 de
1330 5052 1448 5110 Merula

134 5150 245 5219 exposui.
