3618 5968
895 663 1079 716 Mommsen

473 843 605 908 rionica¹)
624 844 708 909 potuit
731 849 817 893 tenere
838 843 922 892 locum
946 843 1080 906 septimum
1105 841 1245 900 decimum,
1275 855 1328 889 non
1350 839 1434 902 potnit
1459 838 1595 888 subsistere
1621 839 1657 886 in

477 937 686 1004 quiuquagesimo
706 937 790 985 tertio.
823 935 891 986 Nam
910 935 1016 984 omniuo
1035 941 1135 984 constat
1153 933 1271 983 mititiam
1289 933 1326 981 ita
1344 931 1487 982 ordinatam
1505 931 1591 992 fuisse,
1619 936 1658 978 ut

473 1032 507 1081 ad
526 1030 709 1095 primipilatum
728 1028 904 1091 perveniretur
929 1035 987 1077 autc
1008 1041 1102 1076 annum
1129 1027 1195 1076 vitas
1215 1025 1461 1090 quinquagesimum,
1481 1029 1540 1087 past
1559 1029 1656 1072 centn-

473 1123 588 1174 rionatus
605 1122 756 1186 plerumque
775 1135 820 1170 sex
840 1116 1012 1184 septemve2).
1052 1119 1112 1172 Scio
1131 1118 1226 1168 multos
1246 1117 1324 1166 hodie
1344 1117 1372 1166 ln
1392 1129 1422 1164 ea
1440 1115 1561 1179 opimone
1580 1129 1655 1176 esse,

475 1217 548 1285 quasi
574 1215 716 1265 centurioni
740 1213 873 1277 sexaginta
899 1213 994 1276 gradem
1013 1227 1101 1261 omnes
1121 1227 1153 1261 ex
1175 1213 1232 1276 lege
1252 1209 1350 1259 scilicet
1368 1207 1534 1274 percurrendi
1554 1215 1655 1260 essent.

476 1312 512 1359 At
532 1309 560 1357 id
584 1315 609 1356 et
628 1306 695 1356 tituli
714 1321 802 1356 eorum
822 1305 942 1366 refutant,
963 1306 1006 1370 qui
1029 1305 1109 1354 multo
1129 1304 1227 1353 minore
1246 1315 1352 1352 numero
1372 1301 1565 1350 centurionatus
1584 1315 1655 1349 enu-

475 1406 583 1460 merant,
608 1413 655 1448 nec
673 1399 740 1448 ratio
760 1398 867 1462 patitur;
893 1411 954 1446 nam
977 1399 1004 1446 in
1029 1397 1135 1460 singulis
1158 1395 1222 1446 locis
1246 1401 1367 1444 semestre
1391 1393 1445 1443 fers
1469 1399 1567 1456 tempus
1588 1407 1655 1442 cen-

476 1494 604 1543 turionem
623 1491 747 1540 mansisse
767 1491 823 1554 quis
845 1490 946 1554 estqui
964 1489 1112 1554 persuaderi
1130 1488 1178 1538 sibi
1197 1487 1335 1551 patIaturi'
1348 1485 1389 1536 Ne
1407 1485 1435 1534 id
1454 1484 1557 1549 quidem
1577 1485 1655 1548 quod

473 1585 595 1650 vegetius
621 1583 655 1644 (v.
674 1599 699 1647 p.
713 1581 766 1632 230
785 1598 811 1632 u.
826 1581 852 1642 3)
878 1581 957 1630 tradit
981 1582 1124 1632 contritioni
1143 1579 1260 1629 cohortes
1280 1593 1368 1628 omnes
1386 1576 1571 1642 percurrendos
1591 1591 1655 1626 esse

475 1678 549 1726 aliter
577 1674 680 1725 delendi
704 1681 797 1738 potest,
824 1675 873 1724 nisi
899 1679 928 1723 nt
950 1687 1035 1724 sumas
1059 1674 1114 1723 eius
1136 1673 1200 1737 legis
1224 1672 1351 1736 plerisque
1375 1671 1416 1720 rel
1440 1670 1504 1720 adeo
1528 1668 1655 1720 omnibus

475 1775 572 1834 partem
596 1767 728 1817 remissam
757 1781 826 1828 esse3
862 1781 920 1816 nam
946 1781 978 1816 ex
1008 1766 1087 1816 titulis
1117 1766 1185 1815 clare
1213 1765 1368 1828 intellegitur
1391 1763 1563 1827 primipilares
1589 1763 1653 1812 lieri

479 1860 561 1911 solere
586 1861 661 1923 longa
681 1859 780 1908 minore
800 1873 877 1923 qnam
895 1858 984 1908 decem
1003 1857 1225 1908 ceumrionatunm
1244 1871 1350 1906 numero
1370 1855 1526 1920 perfunctos.

320 1951 440 2012 XVIII.
484 1967 555 2010 con.
571 1965 604 2008 1v
626 1965 717 2008 rnvs
740 1964 842 2008 rnuon.

318 2055 407 2114 XIX.
451 2069 522 2112 oon.
538 2069 571 2110 1v
594 2067 742 2110 rmucnrs
764 2066 869 2110 emon.

319 2157 392 2216 XX.
436 2173 508 2215 oon.
525 2173 558 2214 ιι
577 2169 738 2212 nnsrnrvs
761 2169 864 2212 aaron.

322 2259 409 2318 XXI.
454 2274 525 2317 cors.
541 2274 574 2314 rr
595 2272 686 2314 emus
708 2272 893 2315 eosrsnron.

361 2362 410 2420 51.
453 2361 540 2418 miles
561 2360 593 2417 in
615 2359 760 2418 centuria:
783 2359 926 2418 Aurelius
946 2357 1119 2416 victorinus
1138 2356 1200 2415 mil.
1220 2355 1277 2433 leg.
1292 2355 1325 2413 Il
1347 2355 1449 2413 Parth.
1467 2351 1652 2414 Seuerianae

471 2483 500 2539 p.
522 2461 543 2519 f.
566 2463 586 2520 f.
610 2470 764 2533 aeternae,
789 2461 807 2518 7
827 2440 898 2515 Hll
921 2440 984 2540 pil.
1010 2449 1126 2539 post„
1154 2461 1204 2536 qui
1226 2460 1305 2518 bixit
1326 2476 1420 2517 anuos
1443 2457 1552 2530 XXX,
1582 2457 1650 2515 mil.

472 2582 567 2624 annos
590 2563 676 2623 VIII.
692 2597 732 2606 -
747 2566 858 2630 Romae;
879 2567 973 2630 scripta
992 2567 1133 2631 imperante
1152 2564 1314 2615 Alexandro.
1346 2564 1376 2614 G.
1395 2563 1444 2624 VI,
1459 2563 1538 2612 3404.

318 2772 408 2821 aetatis
432 2771 561 2821 Traianae
585 2771 700 2832 (Henzen
721 2771 818 2834 5456),
848 2777 906 2836 post
933 2772 1038 2821 militias
1067 2777 1195 2836 equestres
1223 2772 1300 2832 duas,
1329 2768 1516 2834 praefecturam
1549 2766 1652 2816 scilicet

319 2863 431 2913 cohortis
456 2870 481 2912 et
507 2864 660 2914 tribunatum
687 2863 804 2928 legionis,
830 2865 945 2914 centurio
967 2865 1049 2914 Iactus
1079 2871 1104 2913 et
1132 2863 1193 2913 inde
1217 2863 1293 2913 solita
1321 2865 1363 2912 via
1388 2877 1435 2927 per
1459 2859 1649 2926 primipilatum

318 2955 426 3005 alterum
451 2957 568 3006 ordinem
588 2957 742 3021 equestrium
766 2955 915 3006 militiarum
934 2957 1050 3022 adeptus.
1088 2956 1120 3006 Id
1139 2957 1252 3020 potuisse
1271 2957 1327 3006 lieri
1347 2971 1399 3004 non
1419 2954 1464 3005 abs
1483 2967 1510 3004 re
1529 2953 1577 3002 erit
1596 2951 1651 3001 hoc

316 3049 374 3097 loco
398 3048 536 3098 monuisse.

399 3139 422 3201 ¹)
442 3141 510 3190 Nam
529 3147 557 3190 ut
574 3141 668 3191 Vitalis
686 3157 711 3205 p.
726 3141 777 3191 235
798 3157 823 3190 n.
838 3143 872 3190 47
893 3143 977 3191 sexies
997 3156 1053 3191 cum
1074 3142 1251 3192 centurionatu
1270 3142 1398 3207 legionem
1422 3141 1536 3202 mutarit,
1558 3138 1598 3188 bis
1617 3140 1649 3188 in

319 3233 409 3283 eadem
434 3232 534 3297 legione
559 3241 691 3298 promotus
715 3241 762 3294 est,
787 3235 824 3284 ita
846 3235 890 3299 qui
913 3235 941 3283 in
965 3235 1077 3299 quinque
1101 3234 1244 3299 legionibus
1268 3237 1345 3284 vitem
1370 3235 1459 3294 tenuit,
1484 3239 1568 3297 potest
1586 3233 1648 3296 plus

317 3333 406 3391 quater
425 3325 610 3375 incrementum
630 3325 760 3391 dignitatIs
779 3327 917 3391 accepisse.
950 3327 1003 3379 Sed
1022 3328 1189 3392 imperatores
1204 3328 1335 3378 Romanos
1354 3327 1403 3376 hoc
1422 3327 1516 3391 opinor
1534 3331 1647 3385 secutos,

318 3433 351 3468 ne
370 3419 397 3468 in
416 3417 507 3467 eodem
527 3433 633 3484 corpore
653 3420 815 3469 centuriones
834 3420 1055 3480 inveterascerent,
1079 3421 1106 3468 iu
1131 3420 1320 3470 centurionibus
1342 3419 1513 3484 provehendis
1532 3417 1647 3482 plerum·

319 3525 368 3575 que
388 3525 449 3560 cum
473 3509 564 3560 ordine
587 3511 715 3575 legionem
741 3527 842 3576 qnoque
866 3513 1004 3562 mutavisse
1029 3519 1130 3576 praeter
1147 3513 1242 3563 Vitatis
1263 3513 1367 3562 titulum
1388 3511 1450 3561 inde
1469 3511 1647 3568 confirmatur,

318 3603 388 3668 quod
411 3617 516 3667 perraro
542 3603 569 3652 iu
595 3605 772 3654 cenmriouatn
795 3604 897 3655 iteratio
923 3605 1060 3654 adnotatur
1084 3603 1194 3666 (c.111,
1215 3605 1266 3655 136
1290 3604 1375 3655 Aradi
1402 3611 1455 3666 ter3
1484 3603 1566 3654 Orelli
1590 3602 1645 3651 749

318 3695 445 3757 Arimini3
467 3695 495 3744 C.
509 3695 586 3756 VIII,
601 3696 670 3746 3327
682 3697 821 3748 =Renier
839 3713 864 3747 u.
880 3699 932 3748 142
952 3695 1108 3760 Lambaesi).
1146 3698 1180 3748 Et
1198 3713 1231 3747 ne
1250 3697 1402 3762 ecquidem
1421 3697 1588 3746 mutationem
1608 3695 1646 3743 le-

317 3788 402 3851 gionis
421 3786 497 3852 plane
517 3788 645 3850 excludit;
670 3804 729 3838 nam
753 3797 782 3838 ut
804 3789 831 3840 in
855 3791 929 3841 titulo
950 3789 1102 3842 salonitano
1121 3789 1216 3852 c.111,
1232 3792 1301 3840 3079
1322 3791 1437 3841 centurio
1457 3789 1581 3853 reperitur
1600 3788 1646 3852 qni

318 3880 434 3929 ordinem
453 3881 551 3944 accepit
569 3881 595 3929 in
614 3880 715 3945 legione
734 3882 850 3932 [Iratana
868 3889 919 3932 tam
939 3883 1022 3946 primo
1042 3882 1099 3932 loco
1119 3897 1195 3947 quam
1215 3889 1297 3944 sexto,
1317 3883 1379 3932 item
1398 3883 1425 3932 in
1445 3880 1645 3931 Lambaesitano

319 3971 348 4021 Ο.
361 3971 436 4032 VIII,
452 3971 521 4021 3377
533 3992 566 4013 =
578 3973 724 4024 Wilmanns
745 3975 816 4024 1590
840 3975 885 4040 qni
909 3975 1027 4026 ordinem
1052 3977 1151 4040 accepit
1169 3974 1195 4025 in
1216 3976 1318 4041 legione
1337 3976 1391 4025 XX
1409 3981 1435 4024 et
1453 3973 1566 4023 secundo
1584 3974 1644 4022 loco

319 4072 344 4114 ct
363 4071 462 4130 quarto,
483 4065 543 4114 item
562 4065 589 4114 iu
608 4065 805 4116 Lambaesitano
825 4067 905 4117 altero
925 4067 953 4118 C.
964 4069 1040 4129 VIII,
1056 4068 1126 4120 3001
1139 4089 1171 4110 =
1182 4068 1278 4120 Renier
1299 4068 1369 4118 1313
1389 4069 1432 4133 qui
1454 4067 1570 4116 centurio
1589 4081 1644 4115 me-

317 4157 370 4206 ruit
387 4157 490 4208 tertium
510 4165 535 4208 et
553 4166 671 4210 courum
691 4161 717 4209 in
736 4160 836 4224 legione
849 4160 903 4210 VH
923 4161 1040 4222 Claudia,
1067 4161 1104 4211 ita
1127 4161 1172 4226 qui
1193 4161 1232 4210 bis
1251 4162 1278 4210 in
1298 4161 1387 4210 eadem
1406 4160 1507 4224 legione
1527 4159 1643 4208 ceumrio

317 4250 399 4298 factus
419 4265 474 4299 esse
493 4250 593 4312 dicitur,
613 4259 697 4316 potest
716 4253 796 4302 nihilo
816 4253 901 4302 minus
919 4254 1009 4302 iisdem
1030 4253 1187 4317 temporibus
1205 4254 1333 4318 legionem
1355 4259 1475 4302 mutasse.

393 4337 418 4403 ²)
438 4341 504 4392 Octo
528 4344 717 4394 centurionatus
737 4351 869 4394 enumerat
888 4345 975 4395 titulus
993 4346 1107 4396 urbanus
1125 4360 1204 4411 snpra
1221 4347 1312 4396 citatus
1330 4362 1355 4410 p.
1371 4343 1422 4393 235
1443 4359 1469 4392 n.
1483 4343 1527 4405 47,
1554 4343 1643 4392 decem

318 4434 431 4496 legiones
462 4435 671 4485 Lambaesitauus
696 4437 726 4488 C.
749 4437 828 4498 VIII,
852 4438 1082 4489 3001=1ten1er
1106 4455 1131 4488 n.
1152 4437 1236 4500 1313,
1274 4437 1477 4504 quattuordecim
1507 4436 1644 4488 Cillitanus

318 4525 358 4588 (C.
379 4527 461 4588 VIII,
480 4529 532 4577 217
549 4528 686 4579 =Maffei
704 4529 741 4579 Μ.
762 4531 795 4580 V.
814 4531 881 4590 461,
903 4529 942 4592 3),
967 4546 1075 4596 quornm
1105 4532 1281 4580 centurionum
1310 4531 1407 4595 primus
1437 4532 1531 4580 meruit
1561 4545 1643 4581 annos

318 4635 338 4667 c.
353 4619 458 4680 XXIII,
478 4619 604 4670 secundus
623 4635 704 4670 annor
718 4623 841 4683 XLVIII,
861 4623 949 4672 tertius
969 4625 1084 4674 annosL
1104 4631 1130 4672 et
1148 4639 1180 4672 ex
1199 4624 1239 4673 his
1259 4624 1298 4673 IV
1316 4624 1426 4688 gregalis
1445 4624 1472 4673 in
1491 4624 1642 4689 principali·

316 4711 372 4772 bus,
392 4712 504 4776 reliquos
524 4713 639 4762 centurio
658 4713 748 4774 Iactus,
770 4721 798 4763 nt
816 4715 927 4776 additur,
947 4730 978 4764 er
991 4714 1114 4781 suffragio
1129 4715 1234 4780 legionis
1253 4731 1323 4764 suac.
1349 4717 1428 4765 Plura
1448 4717 1576 4780 stipendia
1590 4732 1642 4766 non

316 4805 421 4854 memini
440 4820 481 4853 me
500 4807 650 4869 repperisse.
665 4807 843 4856 -Iuvenalis
864 4809 906 4868 14,
932 4809 980 4857 191
995 4823 1048 4873 aeq.
1069 4808 1112 4857 ubi
1132 4808 1214 4872 pingit
1234 4809 1351 4858 iuvenem
1371 4809 1414 4874 qni
1434 4809 1466 4858 ab
1486 4809 1643 4873 imperatore

317 4897 394 4946 vitem
413 4897 521 4962 petierit,
546 4899 574 4948 id
594 4905 632 4949 est
651 4901 853 4949 centurionatum
873 4916 924 4949 non
943 4900 1053 4965 gregalis
1071 4901 1199 4962 meruerit,
1221 4901 1266 4950 sed
1285 4903 1370 4950 statim
1389 4901 1515 4952 codicillis
1534 4905 1642 4967 adeptus

316 4990 357 5050 sit,
382 4990 419 5039 ait
442 4991 478 5038 sic
503 5005 533 5039 co
558 5005 616 5041 eum
638 4992 747 5041 tortasse
771 5000 949 5056 perventurum
979 5008 1042 5054 esse,
1069 4999 1097 5042 nt
1119 4995 1300 5058 sexagenarius
1324 4995 1440 5044 mittatur
1461 4993 1640 5059 primipilaris:

316 5079 387 5131 ds'me
400 5079 549 5132 Mortrorum
568 5084 683 5150 attegias,
705 5083 811 5134 castello
829 5083 986 5150 Brigantum,
1006 5091 1034 5134 ut
1052 5085 1195 5152 locupletem
1214 5085 1326 5152 aquilam
1345 5083 1392 5135 titt
1409 5087 1579 5152 sexagesimae
1597 5102 1641 5135 an-

316 5189 363 5223 nas
382 5171 496 5238 adserat3
521 5190 580 5225 nam
604 5177 691 5241 aquila
714 5178 817 5241 propria
841 5177 874 5226 ad
898 5179 1008 5242 primum
1031 5179 1112 5242 pilum
1139 5185 1237 5242 spectat
1257 5179 1413 5240 (Wilmanns
1432 5195 1458 5228 n.
1473 5180 1555 5240 1471)
1575 5181 1640 5228 eius·

316 5280 365 5330 que
385 5269 521 5318 commoda
540 5277 602 5318 nota
620 5277 680 5319 sunt
698 5269 889 5334 (Marquardtt
908 5287 933 5335 p.
950 5270 1022 5332 365).
1055 5271 1130 5321 Unde
1149 5271 1304 5335 Intellegitur
1323 5287 1375 5322 non
1394 5272 1458 5333 iure,
1479 5273 1525 5322 sed
1544 5285 1572 5321 re
1593 5272 1640 5320 hac

316 5374 416 5424 quoqne
435 5367 518 5410 aetate
537 5362 723 5425 sexageslmum
743 5378 838 5414 annum
858 5364 994 5414 terminum
1012 5363 1067 5413 Iera
1086 5364 1192 5414 militiae
1211 5363 1298 5414 fuisse.
