3792 5970
413 690 487 762 250
988 712 1168 764 nouusuu

496 883 618 942 Diocles
644 897 804 961 postquam
834 903 987 944 numerum
1011 885 1204 942 certaminum
1228 885 1338 961 posuit,
1366 885 1424 942 duo
1446 903 1555 961 genera
1575 889 1744 964 insigniora

411 985 455 1042 ita
477 985 628 1056 adscribit,
656 995 688 1044 ut
713 987 744 1044 in
770 1005 892 1044 numero
920 988 1060 1045 universo
1087 1007 1123 1044 ee
1149 1003 1268 1061 quoque
1295 987 1592 1063 comprehendantur,
1619 990 1741 1062 scilicet,

410 1086 434 1144 si
464 1095 542 1143 reete
565 1088 716 1164 suppleri,
747 1087 879 1163 [pedibus
902 1091 943 1146 ud
964 1087 1177 1164 quadre]9(um)
1200 1086 1312 1156 LXII,
1334 1107 1353 1143 a
1371 1107 1478 1164 pompa
1504 1090 1574 1161 CX,
1597 1092 1684 1165 plane
1710 1101 1743 1149 ut

410 1187 449 1244 ad
475 1207 628 1246 numerum
656 1191 849 1248 certaminum
877 1191 941 1248 sine
969 1190 1101 1265 praemio
1128 1185 1332 1266 susceptorum
1359 1209 1395 1248 ea
1420 1192 1599 1264 adiciuntur,
1628 1194 1741 1268 quibus

410 1290 552 1347 victoriae
575 1291 731 1365 proximus
754 1291 819 1349 tuit.
862 1291 908 1348 De
931 1291 1143 1350 certaminibus
1164 1309 1182 1346 u
1201 1310 1310 1367 pompa
1332 1311 1390 1349 non
1414 1293 1508 1350 babeo
1530 1295 1609 1370 quod
1632 1296 1740 1354 addam

410 1391 447 1448 iis
470 1409 548 1466 quae
572 1391 819 1451 Friedlaenderus
843 1395 879 1452 de
901 1394 938 1450 iis
960 1393 1100 1470 exposuit
1122 1413 1151 1468 p.
1168 1391 1239 1462 488,
1261 1392 1319 1450 nisi
1342 1393 1431 1467 quod,
1454 1413 1520 1453 cum
1542 1415 1580 1453 ex
1596 1394 1741 1455 Crescen-

409 1493 449 1550 tis
478 1493 565 1551 titulo
595 1494 794 1565 didicerimus,
822 1495 852 1552 id
883 1496 961 1570 quod
991 1496 1080 1554 etiam
1108 1495 1183 1552 ratio
1213 1495 1327 1563 suadet,
1356 1495 1621 1555 honoratissimum
1648 1499 1741 1556 fuisse

409 1595 487 1653 inter
513 1598 620 1654 missus
647 1596 779 1654 eiusdem
808 1597 866 1654 diei
892 1607 1030 1672 quartum
1058 1609 1087 1654 et
1113 1597 1301 1672 vigesimum,
1329 1596 1357 1653 id
1384 1605 1430 1655 est
1452 1609 1631 1672 postremum
1653 1599 1739 1673 (nam

409 1715 475 1754 eum
504 1717 659 1756 numerum
686 1717 744 1755 non
773 1697 1021 1774 adscripsisscnt‚
1051 1699 1107 1756 nisi
1136 1699 1232 1756 bonor
1258 1699 1300 1756 ita
1327 1698 1497 1776 augeretur)
1524 1701 1583 1758 iam
1610 1701 1740 1760 tortasse

410 1799 503 1857 conici
526 1810 625 1875 potest
644 1810 812 1873 postremos
836 1801 945 1858 missus
968 1818 1035 1857 esse
1058 1800 1140 1877 ipsos
1163 1800 1232 1857 illos
1253 1819 1270 1856 a
1290 1819 1408 1876 pompa,
1432 1801 1458 1858 si
1478 1801 1596 1875 quidem
1620 1821 1739 1862 sumere

409 1900 479 1958 licet
505 1919 614 1977 pompa
640 1902 742 1976 aliqua
768 1903 916 1960 circenses
945 1903 1066 1959 finiisse.
1115 1900 1174 1960 Sed
1206 1901 1236 1958 id
1264 1901 1342 1978 quod
1367 1901 1598 1960 Friedlaendero
1628 1905 1739 1981 placuit

409 2002 570 2076 significari
604 2003 646 2060 ita
673 2003 797 2061 niissum
825 2003 952 2078 primum
980 2023 1046 2060 cum
1070 2004 1168 2062 verbis
1190 2005 1299 2062 rectius
1321 2004 1487 2073 conveniat,
1510 2007 1607 2062 adhuc
1628 2009 1740 2083 poterit

409 2103 451 2160 ita
483 2103 611 2174 defendi,
648 2113 680 2162 ut
712 2114 771 2162 tam
805 2105 919 2179 primus
949 2125 1038 2180 quam
1071 2116 1241 2182 postremus
1274 2105 1351 2163 inter
1383 2106 1515 2181 reliquos
1549 2108 1738 2166 eminuerint.

407 2205 506 2263 Etiam
535 2206 570 2264 de
598 2206 810 2265 certaminibus
834 2209 955 2281 pedibus
981 2208 1022 2264 ad
1047 2209 1219 2282 quadripam
1246 2207 1332 2265 iactis
1361 2207 1436 2264 idem
1465 2209 1509 2265 vir
1531 2208 1638 2266 doctus
1661 2211 1736 2268 satis

407 2309 483 2366 dixit
512 2327 539 2382 p.
562 2308 632 2366 489.
688 2307 755 2366 Hoc
780 2309 847 2365 loco
874 2327 910 2366 ea
936 2309 1049 2366 inserui
1077 2319 1198 2385 propter
1223 2309 1366 2385 reliquias
1393 2328 1468 2385 quae
1496 2310 1537 2366 ita
1564 2310 1733 2369 traduntur:

407 2408 441 2469 C.
464 2409 557 2468 LXII
593 2410 702 2468 collato
740 2410 818 2467 tituli
856 2407 966 2468 Guttae
1003 2420 1148 2469 commate
1185 2411 1254 2468 boc:
1302 2414 1332 2467 in
1361 2413 1490 2486 suctione
1523 2415 1646 2485 prasina
1680 2415 1736 2470 cici

407 2511 611 2571 CCCLXIV:
637 2511 739 2568 XXX
757 2512 786 2581 I,
809 2510 928 2568 XLII
953 2511 997 2587 (id
1024 2523 1070 2570 est
1097 2515 1139 2569 ud
1166 2516 1321 2569 sestertium
1345 2511 1447 2568 XXX
1464 2513 1544 2569 utilia
1571 2513 1668 2582 renel,
1697 2515 1740 2572 ud

405 2619 561 2672 sestertium
586 2613 647 2669 XL
675 2615 755 2671 inilia
782 2612 852 2688 dial:
882 2615 1003 2688 pedibus
1031 2615 1072 2670 ad
1098 2615 1271 2689 quadripum
1297 2613 1390 2684 LXI,
1418 2633 1437 2670 a
1454 2633 1563 2690 pompa
1583 2615 1632 2684 t't,
1659 2634 1737 2690 quae

404 2715 497 2772 verba
523 2715 549 2771 si
576 2716 649 2789 quid
677 2715 776 2784 rideo,
811 2713 1025 2772 Friedlaender
1051 2733 1110 2772 non
1138 2725 1218 2772 recte
1245 2717 1454 2792 interpretatus
1481 2728 1527 2774 est
1549 2717 1670 2790 pedibus
1698 2717 1739 2775 ud

404 2818 577 2892 quadriqum
603 2819 645 2874 cd
669 2821 825 2875 sestertium
852 2815 918 2873 LX
938 2817 1019 2874 milia
1046 2816 1144 2884 semel,
1174 2837 1193 2873 a
1217 2837 1323 2893 pompe
1350 2821 1450 2887 series,
1477 2835 1542 2876 cum
1569 2817 1608 2875 sit
1635 2819 1736 2893 potius

400 2918 522 2994 pedibus
545 2920 585 2976 ad
606 2921 778 2995 quadriputn
800 2923 928 2993 accepiet
951 2917 1043 2987 santet,
1067 2938 1085 2974 a
1105 2937 1213 2993 pompa
1235 2924 1333 2977 series.

490 3021 671 3096 Quaestum)
699 3021 822 3097 rupta)
851 3019 998 3079 crescens
1026 3017 1086 3079 ras
1116 3004 1206 3102 titii
1233 3004 1357 3080 ituri
1377 3019 1455 3080 ccc
1478 3019 1669 3091 rursm,
1701 3022 1732 3079 ru

404 3131 449 3180 est
471 3123 638 3181 sestertium
665 3124 835 3194 t‚558‚346.
883 3123 932 3180 Ad
955 3123 1027 3179 baec
1050 3123 1205 3180 commode
1228 3123 1432 3199 supplebimus
1455 3121 1585 3195 (lineolis
1607 3123 1644 3180 ad
1667 3143 1735 3200 per-

403 3225 592 3300 pendiculum
620 3225 746 3283 derectis
773 3233 877 3282 nostra
902 3225 1073 3281 coniectura
1099 3224 1222 3299 additis)
1259 3223 1374 3282 Dioclis
1408 3223 1526 3281 titulum
1552 3245 1580 3282 v.
1604 3225 1642 3282 10
1675 3226 1733 3284 sic:

403 3325 522 3400 [rettulit
561 3327 721 3403 quaestlum
756 3322 815 3383 HS
851 3311 1069 3408 'tc'cc'L'vitt‘t
1108 3309 1216 3383 LXlll
1259 3323 1363 3396 CXX,
1405 3326 1433 3383 id
1476 3336 1522 3383 cst
1564 3327 1734 3384 sestertium

404 3428 599 3498 35,863,120.
643 3428 720 3487 Cum
747 3429 800 3487 illa
827 3447 944 3486 summa
970 3439 1049 3487 recte
1075 3429 1241 3506 composuit
1263 3427 1432 3485 Lovatellia
1459 3437 1560 3485 nostra
1582 3427 1731 3486 luvenalis

402 3531 500 3589 locum
522 3531 668 3607 (t‚113)‚
696 3531 747 3588 ubi
768 3531 876 3588 russati
899 3530 1036 3588 lacernae
1058 3529 1230 3605 aequiperat
1253 3540 1359 3588 centum
1379 3533 1554 3604 patrimonia
1575 3531 1731 3588 causidico·

401 3652 471 3692 rum.
520 3632 576 3690 Illa
607 3634 686 3690 enim
719 3652 834 3690 summa
866 3632 903 3690 ud
937 3641 1069 3689 nostrum
1103 3632 1247 3689 rationem
1281 3633 1474 3688 monetarium
1509 3631 1656 3688 translata
1688 3641 1732 3689 est

400 3736 492 3811 paulo
515 3738 612 3793 minus
636 3753 800 3792 marcarum
817 3733 960 3804 300‚000,
983 3733 1056 3792 haec
1072 3751 1237 3792 marcarum
1253 3751 1276 3790 c.
1295 3733 1467 3802 6,000‚000.
1486 3765 1525 3774 -—
1541 3733 1658 3790 'l'antae
1681 3751 1732 3808 pe·

401 3840 506 3896 cuniae
533 3836 682 3912 quomodo
710 3836 834 3893 effectae
861 3837 929 3906 sint,
958 3837 1057 3893 minus
1084 3843 1195 3892 certum
1226 3842 1286 3904 est;
1318 3842 1434 3892 constat
1467 3842 1565 3892 tamen
1598 3835 1734 3910 praemia

401 3940 546 4016 distingui
573 3939 633 3996 alia
660 3938 783 4008 maiora,
810 3956 936 4013 quorum
964 3939 1054 3994 etiam
1081 3954 1213 3994 summas
1242 3935 1331 4008 tituli,
1358 3936 1468 4010 quibus
1491 3935 1521 3992 in
1544 3936 1591 3993 his
1617 3935 1732 3993 insisti·

401 4059 476 4112 mus,
496 4042 626 4098 maxime
647 4039 763 4096 Dioclis
785 4039 949 4110 enuntiant,
969 4039 1028 4096 alia
1047 4038 1208 4109 ordinaria,
1229 4057 1355 4114 quorum
1374 4055 1507 4095 summes
1527 4055 1586 4094 non
1606 4049 1732 4114 ponunt,

397 4154 542 4219 quaestus
564 4151 662 4200 autem
682 4151 797 4218 partem
819 4141 909 4218 longe
930 4141 1091 4198 maximum
1112 4159 1149 4198 ex
1169 4138 1216 4197 his
1237 4141 1372 4197 effectam
1392 4157 1469 4197 esse.
1508 4137 1630 4196 Diocles
1652 4139 1732 4196 enim

400 4264 467 4302 cum
491 4253 628 4301 accurate
650 4243 768 4315 indicet,
795 4252 936 4318 quantam
959 4243 1115 4318 pecuniam
1138 4262 1176 4300 ex
1199 4241 1359 4298 maioribus
1380 4240 1521 4318 praemiis
1544 4239 1648 4314 primis
1671 4241 1734 4298 vic-

400 4347 485 4405 toriis
508 4347 571 4404 suis
593 4345 713 4422 ceperit,
736 4345 851 4402 scilicet

691 4548 875 4626 singularum
904 4558 977 4608 sest.
995 4548 1096 4607 60000
1123 4561 1158 4608 ><
1198 4547 1271 4605 3=
1328 4546 1458 4616 180,000

904 4660 976 4710 sest.
994 4650 1096 4708 50000
1124 4663 1158 4710 ><
1178 4646 1216 4706 29
1234 4673 1271 4697 =
1296 4648 1459 4719 1,450,000

904 4762 974 4812 sest.
993 4753 1095 4810 40000
1122 4765 1157 4812 ><
1176 4749 1214 4809 28
1233 4775 1270 4799 =
1295 4751 1457 4824 1,1to,000

904 4865 976 4913 sest.
993 4852 1095 4913 30000
1122 4868 1157 4914 ><
1177 4851 1269 4911 32:
1324 4852 1458 4924 960,000

689 4954 865 5035 binarum¹)
904 4956 1157 5017 sest.15000><
1196 4956 1269 5013 t=
1346 4953 1458 5025 60,000

397 5099 565 5160 alliciuntur
586 5107 657 5155 sest.
1292 5093 1457 5165 3,770‚000

396 5229 483 5237 ...-—--.
508 5227 599 5234 ..ι-

473 5302 497 5363 ¹)
517 5304 547 5352 In
572 5303 672 5353 Dioclis
697 5303 771 5352 titulo
797 5301 865 5368 quod
890 5303 983 5367 legitur
1007 5301 1088 5367 triqus
1113 5299 1148 5350 ad
1167 5293 1229 5356 ILS
1255 5281 1317 5350 XV
1326 5297 1391 5348 1111
1412 5299 1438 5349 in
1464 5300 1548 5365 capite
1571 5315 1623 5364 quo
1643 5301 1731 5364 agitur

396 5395 428 5444 de
457 5393 639 5445 certaminibus
667 5395 785 5445 binarum
815 5409 846 5444 eo
878 5395 934 5444 loco
967 5393 1119 5444 collocatum
1151 5403 1201 5454 est,
1235 5408 1286 5458 quo
1318 5393 1344 5442 in
1373 5392 1457 5458 capite
1484 5392 1516 5441 de
1543 5391 1730 5442 certaminibus
