3654 5990
405 651 477 724 518
976 669 1157 724 nonusnu

402 845 557 923 provincia
574 845 738 906 Viennensi
759 845 840 904 etin
862 843 1014 922 Sapaudia
1035 855 1066 904 et
1086 845 1125 904 ad
1145 844 1243 906 lacum
1264 843 1467 916 Lemannum,
1487 843 1548 902 iam
1570 842 1733 904 vidmdum

402 956 458 1020 est,
485 966 575 1024 quam
599 957 714 1026 partem
735 949 820 1024 ripae
845 948 911 1006 eius
932 947 1129 1023 probabiliter
1149 947 1347 1007 attribuamus
1366 946 1538 1024 provinciae
1552 945 1734 1006 Viennensi.

403 1049 462 1120 Ita,
487 1067 553 1109 cum
575 1048 789 1110 Noviodunum
810 1057 841 1108 et
862 1049 1040 1109 Aventicum
1061 1050 1170 1110 finibus
1190 1049 1342 1109 Maximae
1366 1047 1573 1126 Sequanorum
1596 1067 1736 1125 eompre-

403 1151 499 1212 hensa
519 1152 638 1224 fuerint,
660 1152 785 1212 exclusa
798 1153 865 1230 ripa
881 1153 919 1211 ad
938 1152 1169 1230 septentrionem
1188 1151 1228 1211 ed
1245 1151 1369 1211 alteram
1392 1152 1538 1225 reieimur,
1560 1151 1613 1210 ubi
1630 1148 1734 1210 Gena-

402 1273 470 1314 uam
484 1255 646 1314 cunetatio
662 1253 827 1315 Viennensi
848 1255 943 1314 baisse
963 1273 1019 1314 nec
1041 1259 1198 1332 quicquam
1220 1253 1353 1331 impedit,
1374 1255 1533 1330 quominus
1555 1254 1736 1312 uuivemm

401 1358 498 1434 ripam
521 1357 559 1416 ad
580 1355 751 1416 influentem
774 1357 952 1417 Rhodanum
979 1375 1074 1434 usque
1099 1377 1165 1416 cum
1191 1357 1294 1416 eadem
1317 1357 1475 1433 provincie
1494 1355 1736 1416 contribuamus.

312 1515 314 1520 .
400 1458 481 1519 Nam
502 1459 702 1518 conterminae
723 1460 894 1536 provinciae
916 1459 1038 1537 Alpium
1061 1457 1221 1519 Graiarum
1242 1468 1274 1518 et
1295 1459 1495 1520 Poeninarum
1516 1456 1639 1516 Norica
1658 1455 1735 1518 Gal·

401 1562 508 1621 liarum
530 1579 590 1619 non
612 1561 761 1621 adiudicat
781 1562 839 1620 nisi
860 1561 919 1620 duo
942 1561 1053 1638 oppido
1076 1562 1286 1621 Tarantasiam
1305 1559 1490 1621 Ceutromm
1512 1559 1681 1636 (ldoutiera
1699 1581 1735 1619 aa

404 1664 589 1739 carantam)
604 1673 635 1723 et
649 1663 834 1723 Octodurum
845 1662 1035 1723 Vallensium
1050 1661 1230 1742 (Martigny)
1245 1673 1274 1722 et
1288 1663 1376 1722 facile
1390 1664 1456 1722 lieri
1470 1663 1577 1739 potuit,
1597 1664 1736 1722 maxim

400 1775 470 1843 poet
485 1763 639 1826 Genavam
662 1785 700 1824 ex
722 1767 778 1824 vici
800 1765 974 1825 condicione
995 1767 1034 1825 ad
1055 1765 1252 1844 reipublicae
1274 1775 1383 1826 statum
1404 1765 1590 1839 banaiam,
1610 1773 1650 1824 nt
1671 1775 1736 1825 tota

401 1868 474 1927 haec
495 1868 563 1945 ripa
583 1868 611 1928 ei
631 1868 845 1928 attribueretur
871 1878 903 1928 et
927 1877 1087 1947 propterea
1112 1869 1188 1928 lines
1213 1867 1385 1944 provinciae
1405 1886 1527 1944 qnoque
1546 1875 1736 1944 angerentur

400 1971 556 2030 imminuta
576 1971 760 2030 contermina
781 1970 914 2048 Alpium.
959 1969 1056 2032 Statio
1082 1979 1181 2030 autem
1206 1969 1330 2043 classis,
1355 1989 1422 2030 cum
1447 1970 1626 2046 praesertim
1647 1973 1736 2050 regio

400 2072 498 2132 medie
519 2071 659 2150 alpestrie
680 2074 825 2150 portubus
848 2074 990 2133 destituta
1009 2075 1059 2146 eit,
1080 2073 1265 2133 commodior
1285 2073 1347 2132 alia
1366 2072 1448 2132 nulla
1467 2071 1620 2150 reperitur
1641 2091 1736 2150 qnam
1816 2131 1817 2160 ,

400 2175 452 2234 ubi
473 2173 638 2234 Rhodanus
660 2175 691 2234 in
712 2176 809 2235 laeum
831 2175 928 2236 influit
948 2177 987 2236 ad
1009 2173 1196 2236 Villeneute.
1219 2209 1257 2220 -
1284 2175 1347 2234 lam
1370 2174 1422 2232 nbi
1442 2174 1574 2234 redimus
1595 2174 1638 2233 ad
1661 2175 1736 2233 Pto·
1816 2161 1817 2188 ¹

399 2277 561 2350 lamecum,
590 2277 670 2353 qood
700 2277 779 2354 apud
808 2297 875 2338 eum
904 2279 1073 2338 nominatur
1099 2278 1241 2356 oppidum
1268 2276 1445 2336 Ebodurum
1477 2277 1609 2336 vidimus
1642 2278 1735 2336 marm

399 2380 494 2438 inisse
515 2380 593 2438 inter
607 2380 762 2440 viviacum
783 2391 813 2440 et
827 2380 1024 2455 octodorum,
1046 2380 1078 2441 id
1098 2381 1179 2457 quod
1200 2381 1228 2439 ei
1248 2379 1325 2451 loco,
1347 2397 1437 2456 quem
1457 2398 1496 2437 ex
1516 2377 1640 2438 Notitia
1663 2379 1736 2438 effe

400 2483 510 2554 cimus,
539 2481 628 2560 plane
654 2483 801 2554 convenit,
828 2483 886 2543 nisi
913 2483 993 2560 quod
1019 2501 1126 2542 nomen
1153 2492 1232 2542 reete
1258 2482 1364 2559 opinor
1389 2481 1420 2540 in
1442 2479 1560 2540 Notitia
1583 2481 1735 2541 traditum

400 2585 480 2662 apud
503 2583 652 2644 Graecum
677 2593 830 2646 auctorem
856 2586 1052 2662 corruptelam
1082 2585 1247 2644 subiit-
1268 2583 1476 2662 Drueomagua
1503 2581 1638 2658 denique
1666 2601 1734 2644 cum

399 2687 471 2746 alibi
485 2703 545 2746 non
559 2687 735 2760 nominetur,
759 2705 830 2747 vero
846 2688 949 2748 ordine
964 2687 1128 2748 Ptolemaei
1149 2687 1299 2764 patefacto
1321 2687 1426 2762 quaeri
1446 2685 1556 2761 poterit
1577 2686 1666 2763 apud
1682 2684 1736 2747 Se-

399 2790 496 2848 dunos
510 2789 567 2860 vel,
589 2789 615 2848 si
631 2789 726 2868 magis
740 2790 845 2868 placet,
869 2792 949 2867 apud
963 2789 1081 2850 Uberos
1099 2789 1278 2868 Lepontios:
1301 2797 1380 2848 certe
1401 2807 1462 2846 non
1482 2787 1660 2846 invenietur
1683 2790 1737 2865 qni

400 2891 479 2950 dicto
505 2890 629 2952 audiens
655 2892 694 2952 eit
714 2893 852 2970 Zippelio
877 2893 980 2953 nescio
1005 2892 1156 2969 quomodo
1182 2891 1302 2969 neganti
1328 2897 1415 2950 extra
1437 2890 1578 2949 Raetiam
1600 2905 1697 2950 suam
1717 2912 1737 2951 a

400 2993 501 3054 Druso
523 2995 667 3072 oppidum
688 2995 834 3054 nominari
855 2995 998 3073 potuisse.
1036 2994 1145 3072 Itaque
1163 2997 1305 3072 quattuor
1322 2993 1569 3072 civitatemque
1591 3001 1735 3053 extremo

400 3096 468 3156 loco
489 3096 519 3154 in
540 3096 648 3156 Raetia
668 3095 859 3156 Ptolemaeus
879 3107 1031 3170 recenset,
1053 3117 1120 3158 cum
1141 3097 1316 3174 praesertim
1338 3098 1366 3156 is
1387 3095 1477 3158 vallis
1497 3094 1660 3156 Poeninae
1682 3114 1735 3174 op-

399 3198 472 3276 pida
491 3205 544 3257 aut
560 3199 621 3257 boc
641 3199 709 3258 loco
729 3199 876 3259 rettulerit
897 3199 1018 3260 necesse
1036 3201 1079 3260 sit
1094 3207 1146 3261 aut
1163 3200 1307 3271 omiserit,
1322 3215 1384 3259 noe
1398 3200 1460 3258 iam
1473 3197 1646 3258 tenebimus
1663 3217 1735 3260 ease

399 3299 563 3373 Viviscum,
585 3301 673 3360 bodie
688 3301 806 3380 Vevay;
829 3301 1002 3362 Ebodnrum
1023 3303 1072 3362 vel
1092 3301 1285 3362 Ebrudunum
1308 3320 1401 3380 prope
1415 3299 1592 3360 Villeneure
1612 3300 1656 3360 ad
1674 3300 1735 3361 Ite·

400 3419 554 3474 mannum
581 3402 781 3477 Octodurum,
807 3404 896 3464 bodie
923 3405 1088 3483 Martigny;
1116 3404 1338 3482 Drusotuagum
1360 3404 1553 3464 ibifortasae
1573 3403 1627 3462 ubi
1650 3422 1734 3466 nunc

400 3513 446 3564 est
467 3503 574 3566 Sitten.
1097 3508 1098 3514 ’
1261 3507 1263 3512 ’

482 3606 635 3668 Hactenus
666 3610 702 3670 de
730 3609 913 3671 Ptolemaeo.
960 3611 1026 3670 lam
1055 3609 1223 3682 videamus,
1237 3609 1240 3618 '
1256 3629 1326 3670 uum
1352 3609 1383 3668 in
1411 3608 1512 3668 titulis.
1534 3608 1732 3685 explicandis

400 3709 555 3787 Zippeliue
577 3711 700 3771 meliore
721 3713 839 3772 fortuna
860 3731 932 3773 neus
954 3713 994 3772 sit
1014 3731 1104 3792 quam
1126 3713 1157 3772 in
1178 3712 1404 3788 interpretando·
1423 3711 1606 3790 geograpbo.

482 3811 604 3872 Titulos
630 3814 868 3893 Interprominoe
889 3817 949 3875 vol.
963 3815 1012 3874 IX
1039 3833 1068 3873 n.
1093 3815 1174 3874 3044
1201 3815 1265 3874 sire
1285 3813 1560 3893 apnd'Henzenum
1589 3833 1620 3872 ιι.
1644 3814 1731 3874 6939

400 3914 508 3974 aetatis
535 3914 716 3976 Tiberianae
741 3918 819 3976 inter
848 3919 993 3990 honores,
1021 3935 1096 3996 quos
1125 3919 1274 3993 equestris
1301 3916 1415 3976 ordinis
1442 3916 1490 3974 vir
1514 3913 1588 3976 Sex.
1610 3915 1731 3976 Pedius

398 4017 551 4076 Lusianus
577 4017 719 4078 Hirrutue
746 4027 924 4079 consecutus
942 4019 1013 4090 est,
1045 4039 1111 4078 cum
1138 4021 1229 4079 verba
1255 4027 1349 4097 ponat
1372 4023 1458 4093 print.
1482 4020 1538 4094 pil.
1561 4018 1617 4094 lap.
1633 4019 1730 4090 XXI,

398 4119 519 4196 pru[es.]
537 4120 636 4178 Raetia
654 4121 811 4181 Vindelicis
832 4122 932 4199 colli[a
943 4122 1103 4197 Heminae
1117 4131 1142 4180 et
1158 4121 1226 4180 lenis
1241 4120 1444 4197 armutur(ae),
1465 4120 1535 4179 inde
1554 4121 1730 4180 eoniirrnsm

399 4221 464 4280 dixi
490 4230 551 4280 tres
577 4221 646 4280 illas
673 4223 814 4302 regiones
838 4224 895 4283 sub
922 4225 1027 4283 eodem
1048 4224 1187 4302 praeside
1208 4223 1313 4282 inisse.
1358 4221 1472 4282 Contra
1497 4241 1575 4298 quae
1600 4223 1730 4298 protulit

399 4323 569 4402 Zippellus,
591 4324 648 4383 hoc
670 4333 784 4384 tantum
806 4326 934 4403 probent
955 4345 1020 4385 oum
1042 4345 1098 4386 nec
1116 4325 1234 4385 titulum
1254 4325 1439 4384 intellexisse
1460 4343 1515 4383 nec
1536 4325 1729 4384 constitutio

399 4444 467 4484 nem
489 4425 647 4485 militarem
664 4427 729 4486 eius
743 4428 850 4487 aetatis
865 4428 940 4488 satis
955 4427 1106 4488 didicisse.
1138 4426 1217 4487 Nam
1233 4428 1313 4504 quod
1328 4429 1433 4486 statuit
1445 4425 1605 4486 Hirrutum
1620 4428 1729 4486 eodem

400 4536 532 4604 tempore
554 4537 584 4586 et
603 4529 731 4606 primum
752 4529 845 4606 pilum
866 4531 898 4589 in
918 4531 1037 4606 legione
1058 4529 1133 4588 XXI
1159 4530 1282 4590 damase
1303 4539 1334 4588 et
1354 4529 1524 4606 praefuisse
1543 4529 1605 4588 leri
1628 4547 1729 4588 uma-

399 4637 481 4687 tures
504 4629 636 4688 eiusdem
657 4631 781 4708 legionis
804 4632 934 4708 itemque
955 4631 1059 4691 Raetis
1081 4640 1111 4690 et
1121 4631 1289 4690 Vindelicis
1311 4623 1342 4690 in
1362 4632 1470 4690 vallem
1485 4629 1654 4689 Poeninam
1678 4632 1729 4688 ds·

400 4729 506 4804 ductis,
529 4739 639 4789 etcum
655 4733 733 4809 legio
748 4752 785 4792 ea
799 4751 834 4791 eo
849 4743 982 4811 tempore
996 4734 1124 4792 fortasse
1145 4734 1177 4792 in
1192 4731 1354 4793 Germania
1375 4733 1529 4810 superiore
1547 4734 1728 4801 constiterit,

401 4833 507 4892 vallem
529 4833 694 4893 Poeninam
720 4835 763 4894 ita
788 4845 863 4894 tecte
890 4855 957 4894 cum
983 4837 1039 4895 hac
1061 4835 1214 4912 provincia
1235 4836 1397 4908 contribui,
1424 4843 1498 4912 quot
1524 4835 1631 4906 verba,
1658 4837 1727 4894 toti·

400 4936 467 4994 dem
494 4955 611 4995 errores
637 4949 714 4996 sunt.
759 4935 879 4998 Scilicet
904 4957 959 4996 nec
984 4938 1063 5014 legio
1090 4937 1179 4996 huius
1205 4938 1311 4995 aetatis
1338 4937 1431 4997 levem
1458 4945 1641 4997 armaturam
1670 4937 1726 4996 sibi

399 5039 550 5115 propriam
575 5037 689 5111 habuit,
715 5059 770 5098 nec
794 5040 846 5118 qui
871 5041 997 5116 primum
1023 5040 1116 5116 pilum
1138 5039 1263 5098 ducebat
1285 5039 1374 5099 simul
1394 5039 1561 5100 auxiliariis
1583 5057 1726 5118 praeesse

399 5141 505 5216 potuit,
528 5159 582 5199 nec
604 5140 641 5198 de
662 5141 787 5202 mirifica
807 5142 862 5200 illa
883 5142 1059 5202 deductione
1080 5141 1241 5201 Raetorum
1258 5141 1542 5222 Vindelicorumque
1563 5141 1594 5202 in
1616 5141 1727 5203 Poeni·

399 5261 454 5312 nas
480 5242 573 5318 Alpes
602 5243 760 5318 quicquam
791 5245 929 5316 traditum
958 5246 1112 5314 habemus.
1168 5243 1305 5321 Denique
1335 5244 1504 5322 primipilus
1532 5243 1663 5322 legionis
1689 5244 1724 5304 ad

400 5353 552 5418 equestres
575 5344 695 5404 militias
717 5362 794 5422 quae
815 5355 981 5424 sequuntur
1005 5365 1194 5424 nequaquam
1218 5347 1368 5424 pertinet,
1389 5347 1445 5406 sed
1468 5347 1526 5408 hoc
1552 5347 1595 5410 ait
1620 5347 1725 5408 tantm
