3618 5968
823 1872 1282 1985 ADDl'lAllllN'lA

763 2073 831 2148 aa
859 2073 1102 2150 CORPORIS
1129 2074 1241 2150 von.
1261 2073 1341 2148 vn.

387 2389 471 2528 Bet
492 2466 695 2525 additamenta
717 2463 876 2521 voluminis
891 2464 951 2522 VII
972 2464 1209 2523 Britannicarum
1231 2484 1250 2523 a
1271 2484 1317 2522 me
1340 2464 1419 2523 edita
1440 2465 1498 2522 duo
1522 2465 1649 2541 (ephem.
1665 2463 1705 2520 Ill

385 2592 414 2648 p.
434 2569 604 2628 113-155
628 2579 658 2626 et
678 2585 708 2642 p.
725 2565 910 2641 311-318)
934 2565 1103 2626 Guilelmus
1119 2567 1296 2644 Thompson
1313 2567 1457 2625 Watkin
1480 2567 1633 2644 diligentia
1653 2567 1705 2622 lau·
1800 2617 1801 2626 .

385 2673 478 2731 dabili
500 2670 627 2730 schedas
649 2679 678 2727 et
699 2669 794 2727 libros
817 2688 835 2726 a
856 2689 903 2727 me
926 2670 992 2745 ipso
1015 2671 1122 2747 partim
1146 2670 1292 2728 indicatos
1315 2669 1367 2728 sed
1390 2670 1521 2728 nondum
1544 2669 1707 2746 exploratos

384 2774 552 2850 indagavit,
580 2773 663 2830 locos
691 2772 740 2830 ubi
767 2770 844 2830 tituli
872 2781 924 2829 aut
951 2783 1055 2830 extare
1081 2772 1255 2830 dicebantur
1283 2782 1334 2830 aut
1363 2772 1434 2829 olim
1461 2773 1608 2830 extabant
1632 2771 1706 2840 adiit,

384 2876 488 2935 titulos
516 2875 613 2933 denuo
639 2873 798 2950 descripsit
823 2875 884 2931 iam
910 2887 1008 2946 notos,
1037 2892 1131 2932 novos
1159 2875 1274 2950 aliquot
1300 2873 1423 2944 addidit,
1455 2875 1598 2949 exempla
1624 2893 1641 2929 a
1667 2891 1706 2928 me

385 2979 542 3056 proposita
569 2979 599 3035 in
622 2976 754 3034 minutiis
777 2976 957 3052 quibusdam
980 2977 1120 3046 correxit,
1149 2977 1303 3035 titulorum
1326 2976 1451 3034 duomm
1475 2976 1604 3035 triumve
1626 2993 1707 3050 prop·

384 3090 429 3139 ter
451 3081 583 3156 pessima
608 3078 745 3154 exempla
772 3079 884 3136 aliasve
907 3081 945 3136 ob
968 3097 1075 3138 causas
1098 3099 1115 3137 a
1137 3098 1185 3137 me
1214 3080 1277 3136 iure
1301 3080 1506 3137 damnatorum
1531 3079 1642 3136 vindex
1663 3097 1707 3133 ex·

384 3183 452 3253 titit,
479 3200 555 3258 quae
577 3183 690 3240 invenit
711 3189 762 3239 aut
783 3181 935 3238 invenisse
957 3189 1036 3240 certe
1059 3181 1116 3239 sibi
1139 3181 1222 3240 visus
1244 3189 1290 3240 est
1312 3182 1454 3259 exposuit
1474 3181 1606 3239 verbose
1627 3189 1707 3255 atque

382 3287 431 3342 bic
456 3285 518 3342 illic
544 3284 634 3342 etiarn
661 3283 792 3358 gloriose
818 3283 848 3340 in
877 3283 1138 3342 dissertationibus
1167 3283 1291 3358 aliquot,
1321 3301 1397 3358 quas
1420 3283 1511 3342 variis
1540 3283 1707 3341 societatum

382 3387 684 3464 archaeologicarum,
719 3405 796 3461 quae
821 3386 853 3442 in
875 3384 1034 3444 Britannia
1060 3396 1139 3455 sunt,
1171 3385 1472 3444 commentationibus
1499 3386 1628 3444 inseruit
1655 3403 1707 3441 me-

382 3507 507 3564 cumque
534 3487 670 3547 olficiose
698 3488 938 3546 communicavit.
990 3486 1077 3560 Quod
1104 3487 1188 3558 fecit,
1215 3495 1248 3546 ut
1274 3489 1352 3558 dixi,
1387 3488 1487 3546 studio
1516 3497 1550 3546 et
1583 3487 1708 3545 sollertia

383 3592 462 3664 utili3
485 3592 575 3650 modo
597 3610 634 3649 ne
656 3609 731 3666 quae
752 3591 852 3648 minus
875 3597 954 3649 recte
976 3609 994 3646 a
1017 3610 1063 3648 mc
1086 3591 1165 3649 edita
1187 3598 1257 3649 sunt
1279 3599 1401 3666 propter
1422 3597 1579 3648 auctorum
1602 3607 1707 3659 eornm,

382 3713 458 3771 quos
481 3694 563 3753 solos
590 3693 791 3769 aequipari,
817 3693 1035 3770 neglegentiam
1063 3703 1114 3750 aut
1140 3693 1298 3765 inscitiam,
1327 3712 1394 3750 mea
1420 3693 1468 3750 vel
1489 3693 1582 3768 culpa
1603 3692 1650 3750 vel
1668 3693 1707 3748 in·

381 3799 464 3856 curia
485 3808 586 3856 errata
606 3813 673 3855 esse
695 3796 962 3872 pronuntiavisset,
985 3796 1038 3852 sed
1055 3814 1102 3853 me
1124 3795 1211 3853 aliter
1232 3795 1352 3854 omnino
1374 3796 1472 3854 facere
1493 3813 1555 3854 non
1577 3795 1707 3872 potuisse

380 3901 505 3958 candide
538 3899 740 3975 exposuisset.
789 3896 875 3971 Quae
907 3898 971 3974 ipse
1004 3897 1083 3956 falso
1116 3916 1176 3956 non
1202 3916 1271 3955 raro
1299 3907 1482 3958 commentus
1510 3907 1567 3970 est,
1597 3917 1633 3955 ea
1658 3913 1706 3971 ego

381 4002 556 4078 singillatim
589 4000 742 4077 exagitare
775 4009 805 4058 et
835 3999 1011 4077 redarguere
1045 4000 1216 4076 supersedi3
1252 4020 1289 4059 ne
1321 4019 1392 4059 vero
1427 4002 1579 4077 sprevisse
1613 3999 1707 4057 videar

380 4122 571 4180 quaecunque
593 4103 631 4161 ad
653 4102 787 4178 syllogen
809 4121 902 4160 meam
926 4102 1092 4177 augendam
1109 4101 1363 4160 emendandamve
1385 4102 1483 4161 lacere
1506 4109 1642 4179 possent,
1664 4098 1706 4156 vel

380 4208 503 4265 minima
529 4206 566 4263 ab
593 4225 628 4264 eo
656 4205 762 4263 aliisve
785 4213 907 4263 enotata
929 4205 966 4262 ab
994 4205 1050 4263 bac
1078 4205 1178 4281 opella
1203 4224 1270 4264 mea
1298 4205 1405 4264 abesse
1425 4205 1517 4263 nolui.
1563 4201 1706 4262 irritabile

379 4313 458 4366 enim
486 4325 551 4366 esse
578 4309 666 4366 etiam
694 4307 930 4382 antiquariorum
957 4325 1053 4383 genus
1082 4308 1199 4385 experti
1226 4326 1329 4366 sumus
1350 4325 1468 4379 omnes;
1499 4317 1591 4384 atque
1615 4325 1649 4364 ne
1670 4304 1706 4360 si·

379 4410 471 4468 lentio
493 4411 621 4486 superbo
643 4409 717 4467 illud
745 4409 898 4480 efficiatur,
926 4419 959 4466 ut
984 4429 1057 4468 cura
1078 4409 1233 4469 titulorum
1256 4411 1525 4486 antiquitatumque
1547 4409 1704 4486 patriarum

379 4512 651 4571 conservandarum
673 4511 954 4589 explicandarumve
977 4513 1097 4572 tandem
1119 4512 1280 4588 aliquando
1307 4513 1417 4588 ubique
1443 4513 1506 4570 lere
1529 4511 1705 4571 reviviscens

380 4615 580 4674 absterreatnr
602 4615 640 4671 ab
662 4615 789 4690 inceptis
811 4614 1023 4687 laudabilibus,
1047 4615 1151 4674 sedulo
1175 4615 1276 4690 putavi
1297 4616 1461 4674 cavendum
1483 4632 1561 4673 esse.
1606 4615 1705 4688 Itaque

378 4716 409 4774 in
432 4717 537 4790 titulis,
566 4735 642 4792 quos
669 4717 718 4775 hic
744 4734 900 4794 compono,
929 4737 988 4776 non
1017 4717 1126 4776 multos
1149 4719 1257 4790 inesse,
1284 4719 1393 4793 quibus
1421 4737 1501 4777 nova
1523 4717 1704 4782 edoceamur,

378 4820 484 4896 nequis
506 4820 637 4878 miretur.
681 4818 782 4878 Unum
805 4838 919 4878 mecum
942 4821 1048 4880 harum
1076 4840 1174 4878 rerum
1206 4820 1332 4878 studiosi
1355 4820 1527 4898 gaudebunt
1548 4819 1704 4879 frustulum

378 4931 582 4998 recuperatum
605 4939 671 4980 esse
692 4921 864 4998 diplomatis
881 4922 1019 4981 militaris
1042 4943 1070 4981 n.
1090 4924 1178 4995 1195,
1200 4941 1369 4999 quanquam
1385 4932 1415 4981 et
1435 4923 1534 5000 ipsum
1549 4921 1703 4980 admodum

378 5025 531 5100 exiguum,
552 5025 633 5100 qnod
655 5024 706 5081 diu
728 5025 895 5100 quaesitum
918 5032 971 5084 est.
1011 5027 1107 5100 Atque
1122 5026 1316 5084 Watkinus
1338 5025 1370 5083 id
1390 5043 1508 5102 quoque
1532 5043 1619 5083 suum
1643 5040 1703 5082 esse

377 5128 502 5202 putavit,
526 5136 558 5184 ut
573 5136 759 5186 enumeraret
780 5127 894 5204 lapides
916 5128 1076 5204 inscriptos
1099 5129 1169 5186 olim
1185 5128 1306 5204 quidem
1321 5128 1462 5200 detectae,
1485 5128 1538 5186 sed
1553 5143 1701 5202 nunquam

377 5228 544 5306 descriptos
566 5237 596 5286 et
611 5229 717 5288 deinde
739 5236 790 5288 aut
804 5249 927 5307 pessum
943 5229 1029 5288 datos
1051 5240 1103 5288 aut
1124 5231 1251 5290 latentes
1266 5229 1642 5306 (arclueolopicaljouraul
1656 5225 1701 5291 32,

382 5329 460 5388 1875
488 5350 517 5407 p.
535 5331 573 5388 74
586 5349 609 5389 s
635 5333 684 5402 34,
711 5332 788 5390 1877
816 5352 844 5408 p.
865 5332 922 5390 146
936 5351 959 5392 s.
984 5333 1033 5406 35,
1060 5332 1138 5392 1878
1165 5354 1194 5410 p.
1211 5333 1248 5391 77
1263 5333 1316 5409 a.);
1346 5334 1497 5392 elenchum
1525 5351 1597 5390 vero
1624 5330 1702 5390 illum
