3770 5970
725 658 928 710 anoienvs.
1443 638 1489 710 97

196 850 313 906 reputer
337 833 516 891 directemeut
543 850 594 890 aar
624 851 658 890 aa
686 833 760 890 bose.
793 831 845 890 Du
866 832 949 890 mate
971 836 1021 909 qui
1041 834 1162 891 subsiste
1184 851 1290 904 auom,
1312 833 1343 890 la
1362 835 1445 909 pinca
1468 843 1493 891 et

198 945 260 991 toas
284 932 325 992 les
345 935 431 1010 piade
452 935 575 1010 9000100
597 943 766 1010 mouqumt3
793 935 815 991 il
840 953 875 992 ue
900 937 1021 993 subsiste
1046 955 1099 1012 qua
1126 937 1157 994 lo
1178 940 1263 1011 piace
1289 936 1380 994 droite
1408 945 1433 993 et
1454 953 1492 993 aa

198 1036 261 1093 seul
278 1037 359 1111 piati,
381 1036 455 1094 celat
475 1039 526 1110 qui
546 1039 603 1094 suit
625 1036 858 1094 immediatorum
880 1037 975 1112 aprio.
1019 1036 1068 1094 La
1092 1041 1175 1113 piace
1197 1039 1236 1095 du
1258 1037 1341 1096 mate
1362 1055 1430 1095 aveo
1452 1035 1492 1094 lea

197 1141 384 1213 inscriptions
408 1155 426 1196 α
449 1138 491 1198 itt
512 1139 628 1210 caletis,
657 1139 676 1196 d
699 1157 729 1196 ce
750 1135 823 1213 qu'il
841 1141 951 1214 paruit,
975 1139 1108 1215 quelques
1123 1141 1208 1214 joors
1231 1141 1317 1216 apris
1341 1138 1493 1197 10111000-

196 1233 283 1296 uerte’
307 1237 516 1300 Nunoussos.

404 1430 591 1486 motastada:
960 1431 1116 1488 introrsus:

337 1579 659 1624 nauaturos
951 1581 1042 1624 anuo
1066 1581 1117 1624 vui

337 1681 490 1724 assensor
517 1683 659 1726 usserius
890 1683 1023 1726 avnvsni
1043 1682 1185 1726 cussanus
1291 1688 1421 1730 nerana

336 1783 659 1828 auxissxrouoturoe
890 1787 1043 1830 euuaaavs
1087 1771 1183 1828 annes

429 1885 570 1932 uouvrot
888 1889 1014 1931 nectent
1076 1886 1185 1931 uosvis

827 1972 1096 2034 aucui'l’acrau'l'e
1116 1973 1241 2034 sou'lro
1277 1995 1288 2032 s

154 2161 309 2222 Nerntsos
340 2163 388 2221 ed.
417 2162 545 2238 primum
575 2161 604 2220 in
633 2163 820 2240 ephemeride
849 2162 978 2238 quadam
1009 2161 1230 2232 Alexandrina,
1259 2179 1350 2237 quam
1379 2179 1493 2219 mecum

155 2265 390 2325 communicavit
410 2263 554 2339 Lepsios,
577 2264 683 2324 deinde
705 2267 736 2324 in
758 2265 934 2324 Atheniensi
957 2283 986 2340 q.
1005 2264 1035 2322 d.
1055 2263 1185 2323 Balletia
1208 2266 1242 2322 de
1264 2282 1387 2338 concap.
1410 2263 1493 2320 10113-

154 2373 243 2444 ra'qoa
268 2369 282 2425 1
306 2366 420 2442 (1877)
441 2386 470 2443 p.
487 2366 556 2424 377.
581 2365 598 2425 9
620 2366 731 2444 (1878)
754 2386 782 2443 p.
803 2368 934 2443 lldseq.
973 2365 1113 2443 Repetivi
1135 2384 1173 2424 ex
1195 2365 1248 2423 illa
1270 2363 1448 2424 Stootsreclt
1462 2363 1495 2422 2²

154 2490 185 2548 p.
202 2469 233 2528 X
255 2470 324 2528 adn.
368 2468 451 2527 Idam
478 2469 645 2544 praefectus
673 2471 843 2528 nominatur
864 2468 895 2527 in
917 2469 1003 2528 titulo
1027 2467 1144 2528 Graeco
1166 2468 1262 2526 Philia
1285 2477 1403 2544 reperto
1426 2467 1496 2526 anni

154 2593 186 2630 u.
210 2591 235 2632 c.
258 2569 355 2630 74119
384 2569 465 2629 edito
492 2571 695 2630 aWesohero
722 2571 840 2630 Ballett.
868 2571 934 2628 dell’
964 2572 1036 2630 Just.
1068 2569 1146 2629 1866
1174 2589 1203 2645 p.
1225 2571 1278 2630 51:
1313 2559 1494 2652 αὐτοκράτορι

154 2665 282 2754 Καίσαρι
310 2662 461 2748 Σεβαστῷ
486 2674 588 2754 σωτῆρι
614 2663 662 2730 aui
689 2663 819 2756 stuppis„
850 2689 866 2731 t
892 2664 925 2742 ιη’
952 2661 996 2729 tri
1021 2663 1145 2730 Ποπλίου
1170 2661 1302 2754 Ῥοβριόυ
1328 2661 1494 2754 Βαρβᾶρου.

155 2775 210 2833 Ex
237 2783 363 2850 utroque
390 2773 476 2831 titulo
503 2795 568 2832 cum
595 2776 655 2834 iam
682 2785 798 2834 constet
825 2784 894 2834 unte
920 2775 998 2834 diem
1026 2776 1103 2852 Aug.
1125 2773 1164 2832 99
1192 2792 1219 2830 a.
1241 2771 1300 2832 732
1327 2771 1494 2832 Barbarum

155 2876 343 2954 praefectum
367 2893 433 2934 esse
450 2877 589 2954 Aegypto
613 2887 642 2937 et
663 2878 693 2935 in
716 2877 819 2934 eodem
843 2877 942 2936 oilicio
965 2876 1111 2936 mansisse
1134 2876 1170 2933 ad
1194 2895 1220 2932 a.
1238 2883 1318 2934 certe
1334 2876 1403 2946 741,
1425 2874 1495 2932 inde

155 2997 238 3054 qnae
266 2977 302 3036 de
327 2978 433 3053 primis
459 2979 616 3054 praelectis
643 2981 775 3057 Aegypti
801 2979 841 3036 ad
866 2986 1088 3037 monumentum
1111 2980 1305 3054 Ancyrannm
1332 2997 1360 3055 p.
1377 2978 1417 3034 74
1444 2995 1496 3036 ex-

155 3080 248 3155 posui
272 3079 452 3138 adiuvantur
474 3087 502 3137 et
524 3082 746 3140 confirmantur.
780 3079 856 3139 Nam
879 3080 960 3157 quod
982 3080 1023 3138 ibi
1039 3079 1125 3156 posui
1143 3077 1314 3138 Cornelium
1332 3077 1453 3139 Gallum
1469 3079 1496 3136 ei

157 3181 333 3260 praefuisse
355 3181 393 3239 ad
416 3200 442 3238 a
459 3180 519 3239 fere
536 3181 606 3253 727,
628 3183 696 3242 huie
718 3184 904 3242 successisse
919 3182 1039 3241 Aelium
1057 3180 1180 3240 Gallum
1203 3201 1256 3259 per
1278 3201 1305 3240 a.
1322 3181 1497 3251 728-730,

157 3283 289 3360 deniqne
305 3281 340 3342 C.
356 3283 531 3342 Petronium
555 3285 739 3360 provinciam
762 3285 878 3344 rexisse
901 3303 954 3360 per
974 3304 1001 3343 a.
1019 3283 1088 3342 731.
1106 3282 1176 3354 739,
1199 3303 1235 3341 ea
1256 3302 1322 3341 cum
1339 3283 1386 3342 his
1401 3283 1497 3340 titulis

157 3393 231 3463 apte
258 3385 451 3456 conveniunt,
479 3385 568 3443 modo
591 3404 742 3446 sumamus
769 3386 929 3445 secandam
951 3386 1085 3446 Petronii
1107 3384 1329 3462 expeditionem
1352 3384 1497 3443 adversus

157 3486 329 3562 Aethiopes
351 3505 378 3546 a
393 3486 452 3547 739
475 3495 544 3546 ante
566 3505 696 3548 mensem
715 3491 885 3565 Augustum
905 3487 969 3546 eins
990 3487 1059 3545 anni
1080 3487 1245 3546 confectam
1265 3503 1342 3559 esse,
1365 3486 1395 3545 id
1416 3485 1498 3562 quod

157 3607 222 3649 non
249 3589 338 3648 habet
363 3607 424 3666 quo
451 3589 639 3666 impediatur.
659 3621 701 3634 -
723 3589 883 3650 Obeliscos
909 3589 966 3648 hos
993 3590 1062 3664 quis
1088 3607 1147 3666 quo
1181 3606 1260 3648 anno
1287 3587 1498 3648 Alexandreae

157 3691 365 3762 collocaverit,
387 3693 444 3750 hac
465 3693 661 3769 inscriptione
680 3692 852 3764 edocemur;
878 3692 919 3750 ibi
934 3709 994 3768 quo
1014 3691 1080 3750 loco
1103 3691 1246 3762 steterint,
1268 3689 1387 3750 Plinius
1402 3689 1499 3764 aperit

158 3795 192 3852 h.
209 3812 238 3850 n.
255 3793 304 3862 36,
320 3795 349 3864 9,
365 3793 418 3852 690
442 3795 498 3852 duo
521 3793 663 3870 (obelisci)
686 3805 752 3854 aaut
765 3789 965 3854 Alesdndraae
986 3795 1027 3852 ad
1042 3801 1160 3869 portam
1178 3797 1208 3850 io
1227 3791 1364 3850 Caesaris
1386 3792 1497 3867 inopie,

158 3913 235 3971 quoa
251 3897 353 3953 excidit
368 3895 519 3971 Mesphres
534 3915 592 3967 res,
609 3899 825 3974 quadrupeaam
840 3897 935 3954 tinam
950 3895 1112 3954 coliturum.
1149 3894 1226 3952 Eius
1240 3893 1342 3969 templi
1358 3893 1497 3952 memine-

157 4005 233 4055 runt
256 3995 363 4056 Strabo
385 3997 477 4070 17,1,
498 3999 515 4056 9
537 4019 566 4075 p.
584 3999 654 4068 794,
677 4000 757 4074 apud
778 4016 866 4075 quem
889 3997 998 4055 dicitur
1019 3989 1050 4052 ri
1072 3987 1241 4078 Καισάρων,
1264 4003 1294 4052 et
1315 3995 1497 4070 explicatius

158 4098 254 4156 Philo
269 4098 326 4176 leg.
343 4099 380 4156 ad
398 4097 509 4158 Gaium
526 4099 575 4171 ts,
600 4101 650 4158 ubi
665 4101 823 4177 imperium
837 4099 965 4158 libertati
981 4097 1208 4175 praeferendum
1224 4115 1293 4156 esse
1307 4097 1377 4156 inde
1391 4097 1498 4156 confir·

158 4209 235 4270 mat,
259 4201 339 4275 quod
362 4200 392 4258 in
415 4203 495 4259 omni
519 4202 589 4260 orbe
610 4202 726 4279 reliqna
748 4201 857 4278 templa
872 4201 961 4279 longe
977 4201 1135 4258 vincantur
1150 4197 1308 4260 Caesareis
1324 4208 1354 4258 et
1368 4199 1499 4258 maxima

158 4301 389 4362 Alexandreae:
412 4295 493 4360 addin
514 4298 572 4386 γὰρ
594 4294 716 4360 τοιοῦτόν
738 4301 797 4361 ἔστι
820 4293 930 4370 situatae
952 4292 1007 4360 aion
1028 4295 1058 4358 vri
1080 4291 1234 4377 λεγίμενον
1253 4291 1418 4366 Zelitis-raon
1439 4292 1498 4358 e’rrr'·

158 4395 302 4484 Rutupina
323 4398 468 4487 Καίσαρος
489 4399 556 4464 venis
579 4398 691 4488 civrrupii
715 4407 770 4463 τῶν
793 4394 984 4489 εὖορμοτᾶτων
1006 4393 1119 4474 uuluae
1140 4393 1273 4486 pericopes
1293 4393 1400 4486 idpsum
1421 4393 1498 4481 μέγι.

159 4525 232 4564 στος
257 4493 304 4561 ani
330 4495 556 4580 ἐπιφανέστατος
581 4496 628 4564 aui
655 4495 709 4566 οἷος
731 4497 929 4589 οὔχὲτὶρωθι
952 4516 1078 4582 atquae
1101 4515 1278 4583 sequuntur.
1321 4505 1391 4564 Non
1419 4515 1499 4564 recte

159 4616 264 4665 autem
278 4604 428 4665 Nerutsus
450 4607 520 4666 inde
542 4609 662 4685 collegit
683 4609 825 4684 templum
847 4608 877 4665 id
899 4609 1038 4684 Augusto
1061 4607 1170 4666 factum
1193 4625 1270 4668 esse.
1315 4607 1411 4667 Immo
1433 4625 1499 4665 cum

159 4705 306 4767 Caesaris
329 4708 472 4785 templum
495 4709 663 4786 appelletur
686 4709 821 4768 aPliuio
844 4721 873 4768 et
895 4707 1008 4769 Caesar
1030 4710 1175 4787 appulsor
1196 4709 1273 4786 patri
1296 4710 1407 4786 optime
1429 4728 1498 4768 con-

158 4809 277 4881 veniat,
305 4809 375 4868 divo
399 4812 478 4886 patri
500 4813 656 4888 Augustus
683 4812 786 4878 aedem
814 4813 1038 4872 consecravisse
1063 4811 1215 4890 putandus
1241 4821 1303 4882 est,
1330 4831 1419 4889 quam
1441 4810 1499 4870 sibi

159 4911 286 4970 omnino
314 4930 350 4968 ne
378 4911 406 4968 in
434 4914 576 4989 Aegypto
603 4913 724 4989 quidem
751 4913 882 4974 facturus
912 4923 983 4972 erat.
1034 4911 1113 4974 Sane
1140 4932 1206 4971 cum
1235 4913 1328 4989 patria
1355 4913 1500 4989 quodam·

159 5012 255 5072 modo
277 5013 405 5088 vestigia
424 5015 528 5092 legens
550 5015 667 5090 etipse
690 5016 726 5074 ad
749 5018 921 5094 Aegyptum
943 5015 1124 5093 appulisset,
1151 5015 1283 5092 Augusti
1305 5015 1334 5072 in
1358 5016 1500 5092 Aegypto

160 5115 297 5173 cultores
322 5131 409 5173 sacra
427 5117 455 5174 ei
477 5135 596 5193 quoque
619 5116 648 5174 in
671 5117 773 5176 eadem
797 5116 869 5176 aede
890 5117 998 5176 iecisse
1020 5125 1251 5176 consentaneum
1275 5123 1330 5190 est,
1352 5134 1387 5174 eo
1404 5116 1500 5194 magis

158 5215 244 5294 quod
273 5216 403 5275 testibus
425 5217 584 5276 Arvalium
614 5219 688 5278 actis
711 5216 864 5279 Caesarea
891 5220 929 5277 ad
958 5219 1044 5278 divos
1066 5238 1169 5278 ornnes
1193 5218 1351 5296 pertinent.
1396 5219 1500 5293 ltaque

160 5317 253 5378 facile
280 5316 480 5394 intellegitur,
514 5339 603 5396 quam
630 5322 668 5380 ob
691 5339 812 5380 causam
834 5317 976 5381 Caesaris
1000 5323 1142 5399 templum
1165 5319 1381 5380 Alexandrinis
1407 5319 1499 5396 vulgo

159 5419 296 5479 audierit
319 5413 351 5474 rt
377 5410 548 5486 Eudieron.
