3618 5968
325 574 400 646 244
844 547 845 552 Ν
894 588 1078 642 uouusuu

323 767 428 828 cadere
455 765 544 824 modo
568 764 711 835 vidimus,
739 764 870 822 secando
896 763 1023 841 legionis
1045 763 1211 822 centurioni
1232 763 1275 821 ita
1296 765 1512 842 aequiparatur,
1536 775 1653 825 uttam

327 873 365 930 ab
387 871 442 928 hoc
464 868 501 927 ad
524 867 607 926 illum
630 885 720 944 quam
742 867 780 924 ab
803 866 855 924 illo
877 867 915 925 ad
937 867 1015 925 bunc
1037 883 1195 942 processus
1218 875 1297 924 recte
1318 867 1379 925 fiat.
1428 865 1534 927 Solent
1554 879 1653 929 autem

324 973 362 1032 ad
390 971 617 1030 trecenariatum
645 968 814 1044 promoveri
836 969 887 1044 qui
914 978 1000 1028 antea
1026 970 1056 1026 in
1080 969 1151 1026 urbe
1172 969 1240 1027 loco
1263 969 1451 1028 honoratiore
1473 983 1654 1046 meruerunt,

325 1091 504 1152 quamquam
531 1090 590 1130 non
621 1071 685 1130 sine
710 1070 850 1148 exemplo
884 1079 931 1129 est
963 1070 1145 1129 centurionis
1178 1071 1333 1148 legionarii
1362 1071 1401 1130 ad
1427 1075 1654 1135 trecenariatum

323 1194 492 1254 processus.
530 1172 594 1232 lam
610 1191 681 1232 vero
703 1192 770 1232 cum
792 1174 964 1232 trecenariis
980 1175 1086 1232 cohors
1110 1172 1238 1232 adscribi
1260 1174 1356 1232 soleat
1377 1193 1473 1251 neque
1495 1176 1655 1253 quicquam

324 1279 437 1340 indicet
457 1279 489 1336 in
512 1275 639 1354 singulis
663 1277 835 1335 cohortibus
857 1277 926 1354 plus
949 1295 1037 1352 quam
1060 1276 1195 1354 singulos
1217 1277 1399 1336 trecenarios
1422 1277 1524 1352 fuisse,
1554 1278 1655 1338 admo·

325 1383 395 1440 dam
421 1378 575 1457 probabile
603 1389 648 1438 est
674 1379 859 1458 singularum
888 1379 1053 1437 cohortium
1079 1379 1295 1455 praetoriarum
1323 1380 1510 1438 centuriones
1543 1382 1656 1458 primos

325 1485 382 1542 hoc
403 1483 523 1540 nomine
545 1481 711 1560 appellatos
733 1499 811 1540 esse.
855 1481 1010 1556 Principes
1038 1491 1136 1540 autem
1163 1489 1327 1538 castrorum
1355 1491 1385 1539 et
1412 1483 1497 1557 ipsos
1524 1491 1657 1542 trecens·

325 1587 389 1645 rias
409 1585 502 1644 fuisse
524 1603 590 1642 cum
612 1603 650 1642 ex
672 1583 760 1642 titulo
782 1603 810 1641 u.
828 1583 867 1642 88
891 1583 968 1642 effici
985 1583 1121 1642 videatur
1142 1582 1225 1657 (nam
1248 1583 1408 1642 secuudum
1424 1603 1492 1644 eum
1515 1595 1565 1644 aut
1586 1605 1657 1662 pro·

327 1705 431 1747 cessus
455 1687 629 1745 statuendus
653 1693 698 1746 est
719 1706 737 1744 a
758 1687 926 1763 principatu
953 1694 1119 1744 castrorum
1147 1685 1185 1743 ad
1211 1688 1438 1746 trecenariatum
1461 1706 1565 1765 parum
1587 1707 1656 1766 pre·

327 1790 437 1849 babilis
459 1797 512 1848 aut
533 1788 696 1867 principem
719 1796 884 1848 castrorum
907 1789 996 1847 simul
1017 1788 1110 1846 fuisse
1133 1789 1328 1848 trecenarium
1352 1789 1482 1848 cohortis
1503 1789 1566 1849 IIII
1586 1791 1658 1866 pn),

330 1893 484 1970 probabile
506 1900 568 1962 est,
596 1903 628 1950 ut
650 1909 742 1966 supra
763 1891 981 1968 praecepimus,
1008 1909 1046 1948 ex
1074 1891 1175 1949 decem
1198 1891 1369 1950 trecenariis
1391 1893 1465 1950 duos
1488 1893 1599 1952 electos
1621 1913 1658 1953 eo

328 2014 451 2055 munere
473 1995 591 2054 functos
614 2011 690 2052 esse.
712 2027 747 2037 -
771 1991 900 2068 Reliqua
920 1994 1019 2071 posita
1040 2001 1110 2052 suut
1132 1995 1162 2052 in
1185 1995 1356 2052 coniectura
1379 1994 1492 2053 difficili
1514 2003 1543 2053 et
1566 1996 1659 2072 impe·

329 2099 400 2171 dita,
423 2097 539 2156 scilicet
559 2096 632 2172 quid
647 2095 825 2155 vocabulum
846 2095 992 2172 significet
1014 2103 1043 2154 et
1058 2115 1110 2154 cur
1132 2098 1312 2155 trecenarius
1333 2097 1364 2154 iu
1385 2098 1531 2155 honorum
1554 2099 1659 2157 ordine

329 2220 362 2259 ea
389 2202 543 2258 trecenario
572 2198 738 2276 appelletur
771 2207 875 2258 contra
901 2197 1144 2257 consuetudinem
1178 2208 1207 2257 et
1232 2203 1353 2257 omnino
1378 2207 1501 2276 propter
1526 2200 1659 2277 aliquam

329 2320 451 2362 causam
478 2309 590 2360 certam
618 2311 648 2360 et
672 2301 819 2359 idoneam.
863 2300 1037 2360 Trecenarii
1066 2300 1211 2359 vocabulo
1238 2301 1401 2380 significari
1424 2301 1471 2359 cui
1493 2301 1541 2359 ius
1564 2303 1604 2360 sit
1628 2304 1659 2360 in

327 2415 449 2465 trecens
480 2405 650 2463 sestertium
683 2403 767 2462 milia
798 2413 915 2461 constat
946 2403 977 2462 in
1010 2411 1201 2479 procuratore
1235 2405 1398 2462 trecenario
1431 2402 1542 2478 (Orell.
1567 2403 1660 2481 946),

330 2508 446 2568 scilieet
467 2506 518 2583 qui
540 2508 682 2566 salarium
705 2526 834 2566 annuum
857 2506 984 2582 accipiat
999 2504 1079 2564 000
1094 2505 1218 2576 milium,
1240 2507 1488 2584 confirmaturque
1509 2507 1660 2568 similibus

329 2612 493 2684 vocabulis,
520 2619 552 2670 ut
578 2609 764 2668 centenarius
793 2609 917 2667 libertus
943 2608 971 2666 is
998 2617 1041 2666 est
1068 2608 1120 2683 qui
1144 2608 1277 2683 possidet
1303 2617 1420 2667 centum
1448 2609 1532 2668 milia
1553 2621 1661 2671 sester-

331 2717 419 2786 tium;
444 2715 497 2774 sed
518 2715 591 2772 haee
614 2711 793 2789 significatio
814 2710 963 2786 quomodo
983 2711 1021 2769 ad
1040 2711 1242 2769 centurionem
1263 2711 1346 2770 illum
1367 2720 1444 2769 recte
1465 2713 1661 2788 applicarem,

331 2821 442 2878 frustra
464 2815 610 2893 quaesivi.
647 2812 727 2872 Nam
749 2833 814 2872 cum
837 2813 949 2871 tribuni
970 2813 1098 2871 militum
1114 2831 1242 2871 aunuum
1265 2814 1409 2872 salarium
1429 2823 1547 2873 constet
1567 2815 1663 2876 luisse

332 2920 502 2982 sestertium
525 2924 714 2976 centenorum
738 2915 852 2974 milium
874 2935 1036 2988 nummum,
1063 2935 1100 2973 ne
1127 2915 1231 2992 optimi
1253 2915 1373 2991 quidem
1401 2917 1472 2975 iuris
1495 2919 1661 2978 centurioni

331 3025 522 3102 praetoriano
545 3020 656 3096 triplex
680 3019 779 3076 datum
810 3036 878 3076 esse
900 3025 1008 3095 potest.
1054 3015 1141 3090 Quod
1164 3019 1190 3076 si
1212 3017 1251 3075 ad
1272 3019 1437 3095 praemium
1458 3019 1573 3078 reseras
1594 3039 1662 3080 cum

333 3126 458 3184 honesta
483 3123 626 3183 missione
654 3120 799 3179 eiusmodi
822 3121 989 3179 centurioni
1010 3119 1196 3191 solvendum,
1218 3138 1254 3176 ne
1277 3121 1333 3178 hoc
1354 3121 1472 3198 quidem
1496 3123 1571 3182 satis
1594 3133 1663 3199 apte

333 3226 539 3288 conciliabitur
567 3243 633 3283 cum
660 3223 801 3300 praemiis
828 3223 1030 3300 primipilatus
1063 3222 1183 3280 omuino
1209 3223 1305 3299 magis
1330 3223 1482 3296 honorati;
1507 3239 1664 3302 praetcrea

335 3349 440 3408 param
462 3327 562 3406 placet
587 3325 701 3404 optima
723 3333 820 3384 aetate
848 3343 915 3382 eum
937 3325 967 3382 in
989 3325 1055 3402 ipsa
1080 3325 1186 3383 militia
1211 3325 1404 3384 trecenarium
1427 3326 1494 3398 dici,
1522 3328 1570 3385 cui
1594 3339 1665 3404 post

333 3432 500 3492 absolutam
531 3448 596 3488 eam
625 3436 746 3486 trecens
774 3425 923 3486 destinata
955 3426 1025 3485 sint.
1068 3427 1171 3503 Itaque
1205 3435 1256 3485 aut
1282 3428 1359 3485 ratio
1388 3430 1534 3505 quaedam
1561 3431 1665 3489 subest

333 3535 419 3595 uobis
447 3533 537 3611 plane
563 3531 667 3610 ignota
693 3531 822 3589 fortasse
850 3549 916 3590 cum
944 3547 1014 3587 arca
1039 3530 1186 3587 cohortali
1212 3530 1382 3601 coniuncta,
1415 3542 1466 3589 aut
1499 3549 1534 3589 eo
1560 3533 1664 3591 cousu-

333 3637 473 3715 giendum
501 3643 554 3706 est,
581 3633 661 3710 quud
687 3641 847 3709 potueruut
874 3633 1003 3690 fortasse
1030 3631 1050 3689 ii
1077 3649 1198 3708 quoque
1224 3633 1379 3690 trecenarii
1405 3639 1484 3692 recte
1506 3635 1665 3711 appellari,

335 3740 386 3816 qui
409 3738 536 3797 trecenis
559 3735 702 3794 militibus
725 3741 908 3812 praeessent.
949 3733 1027 3793 Nam
1057 3735 1083 3792 si
1104 3734 1201 3811 primo
1220 3734 1282 3810 pilo
1304 3735 1432 3812 legionis
1455 3737 1665 3815 quadringenti

333 3842 470 3902 homines
492 3840 647 3916 parebant,
675 3837 752 3896 sieut
774 3855 867 3914 supra
893 3856 921 3913 p.
939 3834 998 3894 228
1021 3835 1162 3909 vidimus,
1189 3836 1260 3894 item
1285 3837 1381 3914 primo
1409 3837 1505 3896 ordini
1531 3839 1664 3899 cohortis

334 3943 465 4004 cuiusvis
491 3941 658 4020 praetoriae
685 3940 795 3998 treceni
822 3939 887 3997 dari
913 3947 1083 4017 potuerunt.
1101 3969 1139 3980 -
1160 3937 1305 3997 Formula
1330 3947 1429 3998 autem
1452 3959 1485 3998 ea
1510 3946 1666 4000 aeeeaarie

334 4048 464 4106 fortasse
490 4045 558 4103 ideo
584 4050 704 4120 recepta
736 4051 797 4114 est,
830 4043 911 4117 quod
943 4042 1157 4100 trecenaristus
1190 4043 1345 4100 universae
1379 4041 1502 4101 militiae
1535 4044 1667 4104 urbanae

336 4166 470 4210 summus
493 4146 603 4226 gradus
625 4145 689 4216 luit,
718 4145 848 4204 maxime
871 4146 896 4202 si
926 4155 1005 4203 recte
1027 4143 1185 4202 statuimus
1207 4144 1335 4218 primum
1363 4145 1496 4203 ordinem
1522 4149 1667 4222 praetorii

335 4251 468 4310 universi
500 4261 615 4308 mature
647 4247 791 4306 abolitum
823 4263 897 4305 esse.
943 4247 1049 4323 Itaque
1077 4246 1241 4304 trecenario
1270 4247 1413 4322 praetorii
1438 4249 1550 4323 pariter
1576 4259 1667 4325 atque

335 4353 496 4431 primopilo
523 4351 650 4428 legionis
672 4350 731 4408 iam
753 4350 783 4406 iu
806 4367 860 4408 sua
878 4348 987 4407 militia
1008 4365 1169 4423 processus
1191 4348 1291 4406 nullus
1314 4357 1470 4425 supererat
1492 4357 1520 4407 et
1542 4361 1575 4408 ut
1596 4371 1668 4428 pra·

335 4463 505 4515 moveretur
527 4452 740 4513 transeundum
767 4453 793 4510 ei
820 4459 885 4509 erat
909 4451 946 4510 ad
972 4449 1095 4508 militiae
1122 4467 1216 4528 genus
1244 4451 1402 4522 diversum,
1434 4452 1548 4511 scilicet
1573 4453 1668 4530 legio-

335 4557 500 4633 uariuml).
546 4554 625 4616 Sane
657 4561 798 4632 quattuor
830 4554 880 4629 qai
912 4552 1070 4611 formulam
1103 4552 1185 4610 illam
1214 4551 1356 4612 exhibent
1383 4554 1463 4611 tituli
1492 4573 1596 4613 omnes
1625 4557 1669 4614 ita

416 4741 439 4806 ¹)
460 4744 586 4797 Similiter
604 4744 720 4794 centurio
739 4743 895 4807 legionarius
914 4757 939 4792 n.
954 4743 990 4792 40
1015 4757 1072 4792 aum
1096 4748 1155 4806 post
1179 4742 1370 4792 centurionatus
1394 4741 1517 4793 adscribit
1535 4759 1566 4794 ar
1585 4746 1667 4794 carai-

339 4836 459 4899 calar(r'o)
478 4835 687 4904 praes(eetorum)
706 4834 871 4902 pr(aetarr'c)‚
892 4835 941 4885 hoc
960 4835 1087 4900 signifieat
1106 4842 1165 4884 ante
1184 4835 1311 4899 stipendia
1330 4836 1504 4886 centurionies
1522 4837 1669 4901 gregalibus

339 4947 366 4980 se
387 4932 423 4979 ita
441 4930 556 4979 functum
576 4944 639 4990 esse,
660 4937 688 4977 ut
706 4929 740 4978 ad
759 4943 872 4978 summos
892 4929 944 4977 eius
964 4927 1071 4976 militiae
1090 4927 1185 4991 gradus
1205 4927 1356 4992 perveniret,
1383 4929 1450 4977 inter
1469 4943 1534 4994 quas
1553 4937 1592 4978 est
1610 4945 1668 4978 cor-

340 5023 514 5072 niculariatus.
554 5021 672 5072 Conterri
697 5023 791 5085 poterit
813 5022 875 5070 item
899 5021 987 5069 titulus
1011 5021 1147 5070 Firmanus
1166 5018 1257 5080 (Orell.
1278 5018 1359 5080 3157)
1385 5020 1518 5070 dedicatus
1538 5023 1670 5085 praelecto

338 5115 468 5180 praetorio
488 5113 588 5163 cuidam
609 5129 625 5164 a
643 5114 796 5179 primipilari
816 5129 846 5162 er
865 5111 1035 5162 carricaturis
1055 5111 1144 5178 ipsias.
1183 5111 1302 5176 Denique
1326 5113 1416 5162 unicus
1435 5115 1478 5178 qui
1504 5114 1618 5163 innotuit
1637 5129 1669 5163 ex

339 5207 472 5256 classiaris
494 5206 588 5256 militia
610 5205 643 5254 ad
671 5207 855 5270 primipilatum
874 5212 1005 5270 promotus
1025 5203 1140 5265 (Henzcn
1161 5202 1232 5254 6875
1248 5223 1281 5244 =
1298 5205 1347 5253 vol.
1359 5205 1386 5254 X
1410 5221 1435 5254 u.
1451 5205 1532 5266 3348)
1553 5207 1590 5254 uit
1610 5222 1669 5256 eum

339 5313 366 5348 se
386 5299 506 5363 adeptum
526 5313 580 5348 esse
599 5313 629 5347 ea·
648 5295 797 5358 a(ararcda)
812 5295 952 5364 priae(ipe)
967 5295 1088 5358 el(assis)‚
1108 5297 1144 5346 its
1163 5295 1232 5346 euim
1251 5297 1303 5346 iam
1321 5297 1407 5348 iudico
1427 5305 1502 5348 notas
1520 5293 1568 5349 has
1590 5299 1670 5349 inter-
