3640 5976
389 615 461 691 536
958 629 1139 685 uouussa

386 811 429 870 ita
459 810 489 868 in
522 807 779 868 administratione
807 806 945 866 Romana
976 805 1166 884 explananda
1194 806 1298 865 horum
1329 823 1482 864 munerum
1508 806 1712 864 consideratio

385 913 496 971 iustum
518 911 616 970 locum
638 910 747 968 iamin
766 909 898 968 futurum
920 908 977 967 sibi
998 908 1167 969 vindicabit.
1187 908 1236 966 .In
1259 925 1376 968 summa
1396 927 1428 965 re
1448 907 1506 966 hoc
1526 907 1713 985 intellegitur

385 1013 566 1092 principales
592 1013 767 1090 adsignatos
793 1029 860 1070 esse
887 1011 980 1070 cuivis
1008 1011 1142 1071 militiam
1165 1011 1345 1070 senatoriam
1368 1021 1570 1087 equestremre
1591 1012 1634 1069 ab
1657 1012 1712 1068 im·

385 1131 522 1193 peratore
544 1115 700 1186 adsecuto,
726 1114 854 1191 demptis
878 1123 977 1172 tamen
1003 1113 1129 1173 fortasse
1143 1114 1278 1174 tribunis
1300 1113 1453 1190 legionum
1474 1113 1712 1191 angusticlaviis,

385 1220 495 1297 quippe
516 1218 624 1295 quibus
646 1217 841 1276 beneficiariis
863 1225 942 1275 certe
964 1234 1041 1293 opus
1062 1234 1121 1274 nou
1137 1215 1266 1292 esset1).
1296 1216 1473 1275 Procuratio
1488 1217 1711 1292 provinciarum

386 1342 451 1380 cum
478 1321 649 1398 praesidatu
677 1321 835 1378 coniuncta
861 1339 925 1378 oum
952 1328 982 1377 et
1007 1323 1075 1396 ipsa
1099 1319 1206 1378 militia
1227 1328 1322 1390 esset,
1351 1319 1474 1396 reliquis
1500 1337 1627 1396 qnoque.
1641 1337 1712 1395 pro·

385 1424 570 1483 curatoribus
593 1441 652 1480 non
674 1421 861 1498 praesidibus
883 1421 1009 1498 ideoque
1031 1422 1069 1480 ab
1090 1421 1215 1500 imperio
1238 1421 1358 1480 militari
1379 1441 1435 1500 per
1456 1439 1489 1482 se
1510 1421 1616 1481 alienis
1636 1421 1713 1478 nibi-

385 1527 516 1585 lominus
538 1523 720 1602 principales
743 1524 978 1584 attribuebantur
1003 1523 1106 1584 eodem
1133 1525 1248 1597 favore,
1275 1543 1335 1601 quo
1362 1533 1516 1602 praeterea
1536 1543 1589 1600 per
1613 1524 1714 1582 omnia

385 1636 507 1687 utuntur
530 1635 632 1703 utpote
654 1626 743 1686 creati
759 1627 797 1684 ad
811 1626 1076 1685 administrandam
1098 1627 1285 1703 imperatoris
1307 1647 1369 1686 rem
1384 1631 1541 1706 privatam.
1569 1624 1710 1685 Ceterum

385 1740 418 1788 ut
445 1739 562 1789 constat
589 1729 698 1789 milites
726 1729 884 1788 attributos
907 1746 975 1788 esse
997 1731 1239 1806 procuratoribus
1258 1730 1297 1788 iis
1320 1731 1370 1807 qui
1392 1729 1561 1806 provincias
1581 1731 1712 1806 impers-

384 1834 475 1892 torias
497 1832 755 1902 administrabant,
778 1832 820 1889 ita
843 1831 943 1890 missis
965 1831 995 1890 iu
1019 1833 1184 1892 senatorias
1206 1833 1376 1908 provincias
1398 1832 1525 1891 inermes
1544 1851 1616 1890 num
1632 1831 1711 1890 idem

384 1936 431 1994 ius
454 1935 553 2007 fuerit,
575 1934 696 1994 dubium
718 1943 773 1992 est
1100 1984 1101 1990 ,

466 2037 509 2098 Ut
529 2036 604 2096 nulli
624 2037 746 2095 inerunt
759 2036 939 2114 principales
961 2037 998 2094 ab
1013 2039 1193 2114 imperatore
1213 2039 1373 2116 nuncupati
1395 2037 1446 2114 (cf.
1462 2057 1490 2114 p.
1504 2038 1564 2096 400
1579 2059 1610 2096 n.
1624 2036 1710 2112 423),

382 2143 425 2199 ita
445 2141 496 2216 qui
517 2140 596 2199 infra
620 2147 787 2216 equestrem
813 2139 949 2198 militiam
977 2139 1067 2214 positi
1089 2149 1158 2198 sunt
1183 2140 1369 2200 centuriones
1389 2141 1506 2217 ipsique
1526 2140 1710 2216 principales

382 2261 441 2300 uon
469 2244 564 2320 magis
591 2240 770 2318 principales
796 2242 906 2300 babent
927 2242 984 2300 sibi
1006 2241 1179 2320 adsignatos
1212 2241 1294 2318 (nam
1316 2243 1400 2319 optio
1420 2242 1602 2302 centurionis
1625 2253 1658 2300 et
1678 2263 1710 2300 re

382 2353 412 2402 et
433 2353 565 2421 tempore
587 2344 722 2402 diversus
744 2343 802 2420 est)
825 2344 895 2402 etsi
918 2344 970 2419 qui
991 2344 1028 2402 iis
1054 2345 1254 2404 attribuuntur
1274 2343 1426 2404 inferioris
1448 2344 1561 2421 gradus
1583 2345 1708 2414 milites,

381 2447 533 2505 adiutores
559 2446 697 2504 dicuntur
718 2447 766 2504 vel
789 2445 950 2518 discentes;
982 2446 1043 2504 nisi
1066 2447 1145 2523 quod
1172 2461 1261 2506 uuum
1288 2447 1408 2506 titulum
1429 2447 1571 2507 habemus
1594 2447 1709 2506 librarii

376 2552 530 2626 principis,
552 2549 588 2606 de
610 2566 670 2626 quo
692 2547 755 2606 dixi
778 2566 871 2625 supra
893 2567 921 2624 p.
938 2547 1007 2608 232.

464 2650 680 2722 Proconsules,
712 2657 814 2728 utpote
844 2650 894 2725 qui
921 2651 1034 2710 honore
1063 2661 1183 2710 utantur
1208 2670 1267 2710 non
1293 2653 1332 2710 ab
1360 2653 1538 2728 imperatore
1568 2652 1629 2712 sibi
1659 2655 1706 2712 tri-

381 2755 468 2825 buto,
490 2771 545 2812 nec
566 2753 675 2811 milites
696 2771 749 2811 nec
771 2752 953 2830 principales
975 2771 1047 2812 suos
1069 2753 1178 2812 babere
1200 2755 1331 2830 potuisse
1353 2755 1425 2814 olim
1447 2755 1632 2815 intellectum
1652 2765 1707 2827 est,

382 2874 559 2933 quamquam
585 2874 663 2932 quae
688 2855 757 2914 inde
782 2863 940 2914 moventur
961 2856 1151 2916 difficultates
1172 2865 1360 2934 nequaquam
1382 2860 1457 2917 satis
1479 2858 1617 2917 sublatae
1640 2869 1709 2917 sunt

382 2967 412 3016 et
433 2958 560 3016 fortasse
582 2957 794 3016 admittendum
811 2957 867 3016 erit
881 2959 1013 3032 armatis,
1036 2977 1111 3036 quos
1125 2960 1226 3018 linium
1249 2960 1440 3020 tutandorum
1462 2979 1555 3020 causa
1570 2961 1707 3021 civitates

382 3060 440 3119 sibi
461 3059 693 3131 constituebant,
717 3059 804 3118 etiam
825 3060 978 3137 praesides
1000 3061 1065 3120 iure
1086 3061 1206 3122 militari
1228 3072 1364 3122 carentes
1387 3064 1429 3121 uti
1451 3065 1597 3139 potuisse.
1641 3065 1707 3124 Hoc

380 3162 458 3222 enim
473 3180 567 3242 genus
584 3163 714 3235 militiae,
730 3161 812 3238 quod
827 3180 920 3238 supra
931 3183 960 3241 p.
971 3164 1030 3223 519
1043 3164 1203 3241 tetigimus,
1218 3165 1283 3223 sine
1296 3164 1384 3224 dubio
1399 3166 1460 3224 late
1474 3167 1582 3242 patuit.
1609 3167 1660 3228 De
1671 3189 1707 3227 eo

379 3266 508 3324 tortasse
529 3264 670 3342 cogitavit
691 3264 840 3342 Ulpianus
863 3264 1150 3342 (Dig.1‚1o,4,1),
1176 3268 1238 3325 ubi:
1260 3287 1339 3326 aeuo
1357 3268 1577 3344 proconsulum,
1599 3271 1706 3347 inquit,

380 3377 515 3428 stratores
537 3387 602 3427 suos
617 3368 718 3426 tates
735 3377 837 3444 potest,
858 3369 909 3426 sed
921 3371 979 3426 vice
1000 3387 1096 3428 eoram
1117 3371 1219 3429 milites
1239 3373 1394 3429 ministerio
1416 3374 1448 3428 iu
1457 3376 1618 3447 asanais
1633 3377 1705 3450 susa·

377 3480 491 3547 quatur.
525 3467 585 3530 Sed
607 3490 661 3530 nec
681 3470 755 3529 haec
777 3469 874 3528 obiter
895 3470 1051 3550 explanari
1068 3480 1198 3550 possunt
1217 3491 1273 3530 uec
1293 3473 1342 3531 hic
1362 3474 1554 3533 tractabimus
1578 3475 1616 3534 de
1638 3495 1704 3552 pro-

379 3573 554 3631 consulibus
587 3572 715 3645 duobus,
748 3573 798 3650 qui
824 3574 1030 3648 exceptionem
1056 3573 1181 3647 faciunt,
1216 3573 1371 3652 Sardiniae
1396 3585 1427 3635 et
1452 3577 1582 3634 Africae.
1625 3576 1704 3636 Nam

380 3672 520 3734 Sardinia
545 3692 726 3751 quamquam
752 3695 770 3732 a
791 3674 912 3734 Nerone
937 3676 976 3733 ad
998 3675 1194 3736 Commodum
1219 3697 1237 3734 a
1263 3679 1491 3753 proconsulibus
1516 3677 1703 3738 administra·

288 3795 289 3798 ¹
379 3777 476 3850 batur,
498 3777 690 3836 nibilominus
711 3777 797 3836 etiam
821 3795 856 3835 eo
878 3789 1011 3856 tempore
1031 3779 1129 3838 iustus
1152 3780 1301 3838 exercitus
1322 3781 1354 3838 in
1375 3781 1474 3839 insula
1487 3781 1559 3854 tute
1583 3783 1703 3841 Africae

380 3889 478 3938 autem
510 3880 671 3955 proconsul
699 3889 731 3937 ut
756 3890 824 3938 ante
850 3877 960 3939 Gaium
993 3881 1117 3958 imperio
1146 3882 1266 3941 militari
1295 3900 1366 3942 usus
1397 3895 1443 3942 est
1468 3883 1567 3943 iustae
1594 3884 1702 3962 legioni

379 3981 559 4056 auxiliisque
581 3982 644 4040 eius
667 4001 725 4040 non
749 3982 837 4040 aliter
855 3983 1004 4060 imperans
1027 3991 1114 4060 atque
1135 3985 1224 4060 legati
1241 3983 1345 4061 Syriae
1367 3994 1396 4045 et
1411 3984 1643 4045 Germaniarum
1664 3988 1703 4045 le-

378 4083 516 4161 gionibus
539 4085 600 4142 suis
623 4085 823 4160 imperabant,
848 4086 890 4142 ita
910 4093 1016 4162 postea
1038 4105 1156 4162 quoque
1177 4089 1304 4146 testibus
1326 4097 1386 4146 tam
1409 4087 1517 4148 Tacito
1539 4107 1630 4166 quam
1652 4091 1703 4147 im-

378 4193 515 4264 peratore
526 4184 681 4245 Hadriano
696 4187 726 4244 in
741 4187 874 4246 oratione
886 4185 1117 4247 Lambaesitana
1128 4197 1241 4264 partem
1258 4191 1387 4266 aliquam
1400 4191 1551 4250 exercitus
1565 4192 1701 4251 Africani

379 4307 477 4348 secum
500 4288 614 4347 habuit.
646 4283 821 4364 ‘Aequatum
844 4285 1011 4365 imperium’
1034 4291 1110 4350 iuter
1131 4291 1339 4366 proconsulem
1361 4293 1549 4370 legatumque
1573 4295 1704 4356 Africae,

378 4391 463 4449 cuius
479 4390 602 4449 Tacitus
625 4391 765 4463 meminit,
789 4410 855 4450 cum
877 4392 956 4450 tituli
978 4393 1122 4451 militares
1143 4395 1194 4469 qui
1215 4394 1312 4453 adbuc
1332 4415 1371 4454 ex
1388 4395 1494 4454 Africa
1511 4397 1704 4456 innotuerunt

378 4512 438 4551 non
465 4493 537 4551 satis
563 4491 753 4564 elucidarint‚
780 4494 890 4569 prodiit
910 4513 1005 4571 nuper
1026 4495 1064 4553 ad
1086 4493 1226 4555 Simitthu
1255 4496 1356 4573 (bodie
1379 4497 1533 4576 Schemtu)
1560 4501 1702 4578 oppidum

377 4595 551 4671 provinciae
571 4595 796 4670 proconsularis
817 4596 845 4655 is
866 4596 918 4672 qui
941 4597 1085 4672 sequitur,
1112 4615 1198 4672 quem
1224 4599 1347 4658 missum
1369 4599 1406 4656 ab
1428 4601 1543 4675 optimo
1565 4621 1700 4662 curuum

378 4705 547 4756 nostrarum
575 4697 710 4756 adiutore
738 4695 850 4756 Carolo
873 4697 977 4757 Tissot
1003 4700 1141 4774 quoniam
1172 4701 1308 4778 syllegae
1336 4709 1456 4760 nostrae
1484 4703 1617 4762 inserere
1644 4725 1701 4764 non

377 4800 529 4877 potuimus
551 4798 700 4858 volumine
721 4799 779 4858 iam
802 4800 950 4872 absoluto,
973 4799 1109 4860 hocloco
1129 4802 1250 4878 publice
1272 4803 1387 4862 edimus
1408 4802 1529 4881 dignum
1552 4825 1634 4878 sane,
1649 4807 1701 4884 qui

377 4920 436 4960 non
459 4902 562 4960 lateat:

379 5095 581 5102 1-——--—-.

454 5235 478 5296 ¹)
504 5237 572 5287 Vide
590 5254 615 5302 p.
629 5237 682 5287 394
701 5238 760 5287 adn.
799 5238 854 5288 Hos
878 5254 979 5304 quoque
1003 5247 1102 5291 creatos
1126 5255 1181 5291 esse
1205 5241 1237 5291 ab
1261 5243 1416 5306 imperatore
1440 5253 1515 5294 extra
1539 5243 1642 5294 dubium
1662 5253 1697 5293 est

378 5327 438 5391 (vol.
452 5329 494 5380 111
513 5345 538 5380 n.
554 5330 620 5393 335;
640 5329 673 5380 cl.
686 5325 844 5380 Stactsrectst
856 5333 881 5394 Σ),
897 5333 978 5393 bot).
