3640 5976
452 620 753 676 oosunvnmonas
774 620 1059 674 aereaseutonn.
1344 601 1415 674 533

97 797 145 856 ubi
169 796 299 856 officium
320 795 406 872 plene
428 805 458 854 et
472 796 630 875 diligenter
643 796 865 869 determinatur,
887 797 1078 873 praepositus
1094 795 1284 856 adscribitur.
1318 795 1417 856 (lausa

96 901 125 959 ni
146 899 235 957 fallor
256 917 315 956 uon
337 899 367 956 in
390 899 528 958 omnibus
550 900 652 958 eadem
675 900 740 958 tuit.
782 897 936 972 Quaedam
962 919 1072 978 genera
1092 919 1131 958 ox
1153 918 1245 975 supra
1266 898 1353 958 dictis
1375 900 1418 958 itu

95 1002 251 1060 coniuncta
283 1009 369 1059 erant
396 1019 463 1059 cum
491 1001 653 1079 praepositi
681 1019 823 1077 persona,
855 1011 887 1060 nt
915 1003 1001 1079 plene
1029 1001 1176 1061 enuntiari
1206 1019 1266 1060 non
1294 1010 1418 1077 possent

96 1103 152 1162 nisi
175 1122 211 1161 eo
226 1103 369 1161 vocabulo
392 1102 563 1181 adsumpt03
586 1114 618 1162 ut
633 1103 799 1182 singulares
822 1103 864 1180 (p.
881 1104 955 1180 401)
978 1112 1008 1162 et
1029 1112 1172 1164 stratores
1196 1104 1239 1181 (p.
1252 1103 1327 1180 406)
1349 1124 1417 1163 raro

94 1205 284 1265 inveniuntur
305 1204 381 1263 uude
402 1206 444 1263 ita
464 1207 566 1283 positi,
589 1206 784 1282 similiterque
805 1207 884 1284 apud
900 1207 1007 1284 vigiles
1029 1214 1090 1266 tam
1113 1216 1264 1266 secutores
1288 1208 1329 1284 (p.
1342 1207 1417 1284 404)

95 1327 182 1384 quam
207 1307 381 1366 codicillarii
408 1309 459 1383 qui
486 1308 644 1366 creduntur
667 1308 709 1386 (p.
726 1306 801 1384 420)
827 1309 1011 1368 tribunorum
1035 1309 1211 1368 vocabulum
1234 1309 1418 1368 sollemniter

95 1409 282 1482 adscribunt,
315 1410 371 1469 etsi
398 1411 449 1467 rix
476 1409 601 1470 dubium
629 1419 674 1468 est
704 1410 767 1468 eius
795 1410 907 1468 ordinis
930 1411 1040 1470 milites
1063 1411 1163 1470 nullos
1184 1412 1215 1470 iu
1236 1429 1271 1470 co
1293 1430 1417 1489 corpore

95 1514 189 1574 fuisse
210 1513 269 1571 uisi
290 1512 417 1572 tribunis
439 1499 607 1571 attributos.
644 1511 725 1572 Alibi
747 1513 901 1589 probabile
922 1522 968 1572 est
987 1515 1191 1590 praepositum
1214 1513 1282 1572 addi
1304 1515 1342 1573 ad
1364 1515 1417 1572 ho-

96 1615 176 1676 noris
208 1615 331 1692 gradum
360 1614 629 1688 determinandum,
662 1614 692 1672 id
720 1614 799 1691 quod
826 1616 1014 1693 potissimum
1042 1616 1121 1675 cadit
1143 1617 1173 1675 in
1196 1617 1417 1686 beneficiarios;

96 1736 147 1778 eos
163 1718 240 1777 enim
258 1737 324 1776 cum
339 1724 455 1776 constet
468 1717 587 1776 minime
602 1718 680 1777 circa
693 1719 896 1796 praepositum
913 1727 1050 1778 versutos
1066 1735 1142 1790 esee,
1163 1739 1179 1777 e
1194 1719 1342 1778 contrario
1357 1737 1417 1776 cer·

96 1831 155 1880 tum
170 1833 217 1880 est
231 1820 357 1880 dirersis
373 1820 611 1898 praepositorum
632 1821 791 1899 generibus
813 1821 971 1880 attributos
990 1821 1196 1881 beneficiarios
1212 1839 1266 1897 pro
1280 1821 1417 1898 portione

95 1923 243 1982 diversum
270 1922 366 1982 locum
395 1922 610 1998 obtinuieae1).
652 1923 757 2000 Itaque
784 1924 814 1980 in
839 1908 886 1982 his
909 1923 972 1982 dux
998 1933 1031 1983 ut
1055 1943 1143 2001 saepo
1169 1923 1348 1994 enuntiatur,
1375 1924 1417 1981 ite

95 2027 181 2085 etiam
204 2025 324 2103 saepius
346 2025 537 2102 praeteritum
564 2042 657 2101 neque
679 2026 757 2084 enim
782 2035 812 2084 ut
833 2027 998 2085 enuntietur
1019 2026 1061 2084 ita
1082 2025 1120 2083 ad
1142 2045 1203 2084 rem
1225 2026 1363 2103 pertinet,
1386 2035 1418 2083 ut

95 2130 124 2188 in
147 2127 291 2205 singulari
312 2134 342 2186 et
363 2134 500 2186 stratore.

176 2231 239 2290 lam
261 2230 428 2301 videamus,
455 2230 563 2306 quibus
591 2229 715 2288 ducibus
736 2231 788 2306 qui
810 2231 991 2308 principales
1018 2230 1217 2290 attribuantur
1238 2238 1268 2288 et
1288 2231 1415 2309 primum

94 2333 214 2411 quidem
235 2334 266 2391 in
287 2332 466 2391 exercitibus
488 2332 721 2410 provinciarum:

160 2438 185 2495 1.
215 2433 335 2512 Legatis
350 2433 475 2510 Augusti
485 2438 701 2512 provinciarum
716 2443 780 2508 tam¹
790 2436 998 2495 consularibus
1014 2455 1102 2512 quam
1118 2435 1315 2513 praetoriia²)
1332 2436 1416 2495 item·

95 2557 150 2615 que
169 2536 404 2614 promrctoridus
426 2545 455 2595 et
472 2540 630 2614 praesectis
649 2540 864 2614 provinciarum
884 2539 1049 2610 rectoribus,
1072 2539 1122 2616 qui
1145 2539 1175 2598 in
1194 2538 1318 2614 imperio
1341 2539 1417 2596 mili-

95 2641 149 2700 tarl
173 2639 275 2698 eodem
298 2639 365 2698 loco
387 2639 516 2712 fuerunt,
541 2640 632 2699 additi
656 2649 727 2700 suut

246 2741 455 2800 cornicularius
471 2743 637 2803 consularia
652 2762 682 2821 p.
694 2742 753 2800 412
769 2763 797 2802 n.
813 2743 910 2816 1-6;
930 2743 1021 2821 legati
1037 2762 1090 2818 pro
1102 2763 1147 2820 pr.
1160 2741 1255 2818 p.4l2
1269 2742 1416 2801 ιι.7-12.

246 2847 502 2902 commentariensis
524 2844 571 2904 vel
593 2864 612 2902 a
626 2850 831 2905 commentariis
853 2846 1018 2906 consularia
1041 2865 1070 2923 p.
1083 2845 1143 2904 424
1165 2846 1305 2918 n.1-5;
1327 2846 1416 2923 legati

297 2965 325 3022 p.
342 2945 403 3004 424
425 2967 453 3005 n.
471 2946 498 3004 6.
515 2946 544 3008 8.

246 3048 381 3108 librariae
403 3049 571 3108 consularis
592 3070 621 3126 p.
638 3050 697 3111 426
719 3070 747 3121 n.
763 3051 856 3110 1-8.

246 3155 372 3210 omanus
394 3151 483 3229 legati
506 3171 536 3229 p.
552 3152 612 3211 430
635 3173 663 3210 n.
683 3155 709 3212 l.

246 3256 375 3312 notorius
397 3254 489 3331 legati
511 3253 731 3330 (provinciaei)
754 3275 783 3332 p.
800 3256 859 3315 433
882 3277 910 3314 n.
927 3257 972 3314 10.

247 3367 375 3432 acceptor
395 3356 543 3433 praesidis
565 3376 594 3434 p.
611 3358 682 3430 432,
698 3357 725 3416 2.

246 3467 358 3532 mactus
380 3458 548 3518 consularis
570 3479 600 3536 p.
616 3461 673 3520 431
699 3481 727 3518 ιι.
743 3460 835 3518 1-5,

245 3570 352 3619 abutor
372 3561 539 3620 consularis
561 3583 590 3640 p.
603 3562 663 3621 406
686 3583 714 3621 ιι.
731 3563 846 3635 1—18;
867 3563 957 3640 legati
980 3581 1006 3639 p.
1021 3562 1079 3620 407
1097 3581 1124 3619 n.
1140 3559 1278 3632 19-21.
1295 3559 1343 3618 24.
1360 3559 1415 3632 25;

296 3663 500 3741 procuratoris
522 3664 669 3740 praesidis
690 3683 719 3740 p.
735 3665 793 3724 407
817 3687 846 3725 ιι.
862 3664 1003 3722 28-30,

245 3765 402 3841 singularis
423 3766 590 3825 consularis
613 3787 642 3844 p.
659 3768 714 3826 401
741 3766 899 3826 ιι.1-20.

246 3889 265 3927 α
286 3871 351 3945 ruso
372 3869 513 3945 praelecti
536 3869 715 3947 (Aegyptii)
738 3869 798 3928 vol.
813 3869 863 3928 III
884 3889 912 3930 n.
929 3868 979 3928 54.

246 3969 435 4046 beneficiarius
460 3971 551 4048 legati
577 3972 744 4032 consularis
770 3990 798 4047 p.
815 3972 871 4030 38]
897 3991 926 4028 ιι.
945 3973 997 4044 63;
1030 3971 1196 4030 consularis
1223 3991 1251 4048 p.
1269 3969 1324 4028 401
1351 3972 1411 4029 n.l

297 4071 345 4130 62.
360 4071 521 4144 64-162;
543 4073 634 4152 legati
656 4093 684 4150 p.
701 4073 761 4132 385
778 4073 992 4133 utos—169.
1010 4073 1191 4144 lta-1883
1214 4073 1414 4150 procuratoris

296 4173 442 4250 praesidis
463 4193 493 4250 p.
506 4175 565 4234 388
589 4195 617 4234 u.
631 4175 700 4234 216.
715 4175 783 4235 219.
798 4175 866 4236 234.
882 4175 949 4236 236.
966 4175 1034 4234 237.
1049 4175 1123 4247 233;
1146 4175 1293 4251 praesidis
1312 4195 1341 4252 p.
1355 4175 1414 4234 398

297 4295 325 4334 n.
342 4276 411 4335 384.
429 4276 498 4336 388.

247 4381 376 4436 immunia
398 4378 565 4438 consularis
587 4399 615 4457 p.
633 4379 691 4440 409
714 4399 742 4439 u.
758 4380 855 4451 1-6;
878 4380 966 4457 legati
989 4401 1019 4458 p.
1035 4381 1095 4440 410
1116 4400 1144 4439 n.
1160 4382 1185 4438 7.
1203 4381 1230 4440 8.

172 4649 194 4711 ¹)
220 4650 297 4712 Quod
320 4653 375 4702 dixi
400 4649 558 4702 Stoutereclrt
575 4656 600 4714 2,
616 4655 669 4704 254
697 4654 874 4704 beneficiarios
898 4655 1050 4704 beneficium
1075 4655 1202 4720 accepisse
1222 4656 1303 4704 rideri
1328 4654 1360 4703 ab
1384 4669 1416 4704 eo

90 4744 254 4808 praeposito,
278 4745 346 4808 apud
372 4761 447 4810 quem
471 4760 569 4795 merare
594 4761 621 4795 se
640 4748 800 4811 profitentur,
827 4747 958 4812 redarguit
977 4747 1077 4798 Plinius
1096 4747 1130 4797 ad
1149 4748 1221 4797 Trai.
1237 4749 1279 4797 22.
1296 4749 1339 4807 27,
1358 4762 1415 4811 pro-

91 4836 206 4884 curatori
226 4835 405 4901 praefectoque
424 4837 601 4886 beneficiarios
620 4845 715 4889 testans
734 4841 864 4904 adsignari
882 4855 898 4890 a
916 4840 1044 4904 praeside.
1072 4839 1195 4890 Beneficii
1208 4840 1359 4890 vocabulum
1379 4840 1415 4888 la-

90 4929 159 4976 tiora
178 4928 365 4990 significatione
384 4935 533 4994 usurpatum
552 4930 665 4979 maxime
684 4939 767 4981 aetate
790 4933 896 4982 meliore
921 4929 1415 4994 ct.Sracrsreclr2²‚1070erbeus-

90 5019 184 5068 ficiarii
205 5019 249 5085 qui
268 5021 387 5070 dicuutur
406 5037 458 5072 uon
477 5023 554 5087 plane
572 5023 700 5088 aequabili
720 5026 844 5075 sermonis
862 5025 920 5090 lege
939 5032 1070 5089 reguntur.

170 5107 194 5171 ²)
220 5113 277 5162 Huc
296 5119 324 5162 ut
341 5128 389 5177 par
408 5123 447 5164 eat
465 5115 551 5164 rettuli
571 5129 615 5165 eos
634 5131 734 5181 quoque
754 5118 842 5167 titulos
861 5118 904 5182 qui
927 5118 1040 5182 legatum
1059 5117 1167 5182 legionis
1186 5118 1320 5168 enuntient
1340 5118 1416 5168 simul

90 5204 241 5270 prouinciae
260 5205 412 5271 praesidem.
