3654 5990
380 679 564 734 nouusau
585 678 887 733 onsunvsrrouss
905 677 1188 732 nrrcnaruroan.
1371 663 1442 734 bil

122 857 305 918 Octodurnm
331 856 420 914 vallis
441 855 595 916 Poeninae
621 853 762 932 oppidum
789 872 857 914 esse
882 854 1072 914 notissimum
1096 854 1183 914 lectio
1205 855 1365 916 reformata
1386 865 1445 916 sta-

121 959 232 1032 bilivit,
259 978 315 1018 nec
339 958 497 1036 quisquam
524 957 630 1033 opinor
656 956 824 1035 Zippelium
849 955 950 1016 audiet
974 957 1166 1018 conicientem
1193 957 1320 1018 alterum
1344 959 1446 1019 nescio

122 1061 200 1138 quod
222 1060 355 1130 eiusdem
370 1059 499 1120 nominis
521 1059 664 1138 oppidum
687 1059 796 1119 alicubi
818 1059 849 1119 in
862 1058 971 1119 Raetia
986 1077 1053 1120 esse
1068 1060 1211 1136 potuisse.
1225 1093 1263 1104 -
1280 1057 1446 1122 Confirma-

122 1172 169 1222 tur
189 1163 245 1234 ita,
270 1161 351 1240 quod
376 1162 444 1221 item
472 1161 544 1222 olim
566 1162 694 1234 conieci,
721 1181 776 1239 pro
798 1147 937 1237 oium)
961 1163 1164 1240 reponendum
1191 1181 1259 1222 esse
1280 1149 1446 1227 Ουίουισκος

121 1275 222 1326 notum
249 1283 289 1324 ex
315 1263 492 1337 itinerariis,
523 1264 613 1324 hodie
634 1264 747 1342 Vevey.
781 1299 819 1312 -
854 1264 1023 1326 Ebodnrum
1053 1283 1119 1324 enm
1145 1265 1263 1342 legatur
1286 1267 1446 1343 interposi·

121 1375 182 1426 tum
203 1367 280 1426 inter
297 1365 482 1426 Octodurum
504 1373 534 1426 et
547 1365 712 1440 Viriscum,
734 1367 934 1444 quaerendum
955 1385 1025 1426 esse
1046 1376 1171 1444 apparet
1192 1369 1231 1428 ad
1252 1377 1342 1444 caput
1362 1368 1447 1429 lacus

121 1467 276 1528 Lemanni.
312 1471 355 1528 At
375 1467 485 1546 pendet
506 1469 645 1545 quaestio
667 1469 740 1528 haec
761 1469 798 1528 de
819 1470 887 1529 loco
908 1468 1043 1528 Notitiae
1064 1468 1251 1547 Dignitatem
1272 1470 1445 1530 Occidentis

123 1590 147 1632 c
164 1570 214 1644 ta,
230 1571 268 1632 15
290 1571 388 1630 adhuc
409 1589 515 1648 parurn
537 1581 617 1630 recte
638 1580 775 1642 tractato,
801 1572 851 1631 ubi
872 1589 937 1630 cum
959 1571 1126 1630 nominetur
1149 1573 1315 1648 praelectae
1343 1574 1446 1633 classis

123 1675 319 1734 bercariarum
339 1673 496 1733 Ebruduni
516 1673 692 1750 Sapaudias,
714 1675 741 1734 is
764 1674 814 1732 nbi
836 1675 935 1734 sedem
957 1673 1096 1734 habuerit
1116 1675 1364 1735 considerandum
1388 1683 1444 1738 est.

121 1778 342 1836 Enumerantur
362 1776 405 1834 ibi
425 1778 650 1854 praepositurae
670 1777 801 1853 quinque
823 1777 1002 1836 constitutae
1024 1776 1170 1849 Viennae,
1196 1778 1327 1852 Arelate,
1349 1777 1445 1838 Ebru-

122 1881 192 1940 dnni
215 1877 395 1956 Sapaudiae‚
420 1879 575 1938 Massiliae
598 1876 796 1950 Graecorum,
823 1877 991 1955 Sapaudiae
1013 1877 1182 1940 Cularonae
1204 1881 1258 1940 aab
1279 1882 1447 1957 praescrip-

121 1985 213 2055 tione,
233 1992 267 2042 ut
287 1989 333 2042 est
350 1982 381 2041 in
400 1981 497 2052 libris,
518 1985 549 2040 in
566 1984 721 2059 prouincia
739 1981 841 2042 Gallia
854 1985 1008 2057 niparsnsi.
1046 1978 1132 2055 Quae
1152 1983 1242 2042 verba
1260 2001 1326 2042 cum
1345 1991 1447 2062 aperta

122 2094 261 2163 corrupta
283 2085 353 2156 aiot,
375 2087 550 2161 riperensem
571 2103 626 2160 pro
644 2085 792 2160 niparensi
811 2083 864 2161 qni
885 2083 1079 2144 restituerunt
1099 2083 1130 2142 id
1149 2084 1344 2144 coniectando
1365 2104 1447 2144 crea·

121 2197 239 2260 rerunt,
260 2185 340 2264 quod
362 2186 387 2244 si
409 2186 548 2246 traditum
571 2194 660 2258 esset,
680 2205 755 2244 crux
777 2185 968 2263 interpretum
986 2186 1077 2258 foret3
1100 2205 1168 2246 nam
1189 2205 1254 2246 cum
1277 2187 1447 2247 distributio

123 2289 290 2350 Galliarum
313 2289 469 2349 notissima
491 2290 538 2360 sit,
561 2289 726 2366 riparensis
743 2285 845 2346 Gallia
866 2305 1012 2366 nusquam
1034 2287 1121 2348 redit.
1157 2287 1270 2348 Contra
1282 2295 1344 2348 tres
1358 2289 1446 2350 urbes

121 2392 219 2451 clarae
230 2391 347 2450 Vienna
360 2391 482 2451 Arelate
497 2389 632 2451 Massilia
653 2409 718 2449 oum
741 2409 845 2450 omnes
857 2389 1036 2450 Viennensis
1058 2391 1230 2467 provinciae
1247 2391 1308 2450 sint
1322 2410 1446 2469 sequen-

120 2504 227 2572 turque
250 2493 350 2553 statim
372 2493 461 2553 simili
483 2493 550 2552 loco
571 2492 840 2570 Novempopulana
859 2492 1135 2570 Lugdunensesqne
1161 2502 1191 2553 et
1215 2494 1311 2572 prima
1336 2501 1366 2554 et
1392 2492 1446 2556 Se·

120 2597 211 2658 nonin
240 2604 270 2656 et
300 2597 383 2654 locus
414 2595 535 2654 omuino
560 2596 673 2672 flagitet
696 2596 875 2655 mentionem
898 2604 957 2654 mm
980 2595 1124 2656 dioecesis
1147 2594 1193 2671 (id
1215 2597 1296 2672 quod
1317 2596 1447 2674 pervidit

120 2698 279 2776 Seeckius)
295 2717 383 2776 quam
397 2698 580 2776 provinciae,
593 2699 788 2776 praescriptio
799 2698 948 2775 quomodo
963 2697 1148 2758 emendanda
1159 2699 1208 2770 sit,
1222 2705 1309 2758 extra
1324 2698 1446 2758 dubium

118 2803 250 2882 positum
277 2811 333 2874 est,
360 2800 472 2860 scilicet
498 2801 685 2860 scribendum
712 2804 742 2859 in
771 2799 886 2860 Gallia:
912 2805 942 2860 in
964 2803 1115 2878 prouincia
1137 2800 1296 2860 Viennensi.
1339 2800 1446 2878 Itaque

120 2907 211 2965 etiam
234 2904 403 2980 sapaudiae
425 2902 531 2962 Calore
554 2903 619 2962 sine
640 2903 730 2963 dubio
750 2901 857 2960 Cularo
879 2911 926 2962 est
944 2904 1008 2962 sive
1024 2901 1251 2980 Gratianopolis
1266 2901 1446 2979 (Grenoble)

120 3009 194 3066 urbs
214 3017 246 3066 et
262 3007 331 3082 ipsa
342 3004 523 3064 Viennensis
539 3006 710 3082 provinciae
723 3005 833 3065 finibus
848 3006 1073 3083 comprehensa,
1095 3007 1322 3083 necquicquam
1338 3005 1446 3078 obstat,

121 3110 282 3187 quominus
299 3107 468 3185 Sapaudiae
491 3108 665 3167 vocabulum
688 3116 811 3167 eatenus
832 3108 1029 3185 porrigamus.
1061 3109 1226 3184 Postquam
1242 3117 1384 3185 quattuor
1398 3129 1447 3166 ur·

121 3215 177 3273 bes
199 3211 432 3271 demonstratum
453 3219 500 3269 est
521 3210 557 3269 ad
573 3209 773 3270 Viennensem
795 3210 978 3287 provinciam
1000 3210 1158 3286 pertinere,
1183 3211 1261 3270 idem
1285 3211 1322 3270 de
1343 3210 1447 3286 quinto

119 3334 242 3393 quoque
260 3313 395 3373 obtineat
412 3330 532 3372 necesse
548 3321 601 3371 est.
637 3312 830 3372 Ebrudunum
846 3312 937 3391 igitur
950 3314 1011 3371 iam
1025 3312 1207 3389 intellegitur
1221 3330 1318 3389 neque
1331 3312 1448 3372 Eburo-

119 3419 233 3478 dunum
260 3414 435 3492 Oaturigum
462 3414 626 3492 (Embrun)
655 3433 722 3476 esse
748 3433 844 3492 neque
868 3414 1082 3474 Eburodunum
1105 3414 1310 3474 Helvetiorum
1336 3414 1447 3491 (Yver·

119 3518 213 3594 dun);
243 3516 318 3577 illud
344 3517 423 3577 enim
449 3517 480 3576 in
505 3517 660 3595 provincia
685 3516 806 3595 Alpium
835 3518 1048 3576 maritimarum
1077 3517 1146 3588 fuit,
1173 3518 1230 3576 hoc
1254 3518 1287 3575 in
1312 3517 1447 3576 Maxima

120 3619 341 3698 Sequanorum.
383 3620 509 3680 Accedit
535 3621 616 3697 quod
637 3617 807 3696 Sapaudias
832 3620 940 3680 finibus
962 3627 1096 3679 neutrum
1119 3628 1199 3679 recte
1221 3619 1447 3697 comprehendi-

119 3721 218 3800 curt).
261 3723 332 3782 Alio
359 3741 477 3799 quoqne
502 3723 622 3782 nomine
642 3721 840 3782 Ebrodonnm
861 3721 996 3782 Notitiae
1022 3721 1199 3799 oppidorum
1222 3739 1323 3782 eorum
1350 3724 1448 3782 neutri

119 3835 224 3904 aptum
245 3834 301 3897 est,
323 3823 375 3884 sed
397 3826 493 3902 magis
515 3826 717 3901 quaerendum
738 3827 768 3884 in
790 3826 857 3902 ripa
875 3825 958 3884 lacus
977 3823 1132 3884 Lemanni.
1168 3823 1317 3884 Nimirum
1339 3824 1447 3884 classis

118 3929 208 3989 nullo
236 3927 325 3986 modo
355 3927 460 3987 referri
489 3935 588 4004 potest
616 3926 654 3987 ad
679 3927 914 3987 Ebrudunenses
940 3925 1100 4004 Caturiges
1127 3937 1156 3988 et
1182 3945 1287 4004 perum
1313 3936 1383 4004 apte
1408 3928 1448 3986 ad

118 4030 374 4091 Eburodunenses
395 4029 566 4102 Helvetium
594 4028 677 4088 lacus
704 4031 783 4088 enim
807 4031 835 4088 is
861 4031 907 4089 cui
933 4030 963 4088 hi
987 4029 1123 4090 adiacent
1148 4029 1275 4090 classem
1301 4038 1447 4089 armatam

118 4153 184 4193 non
209 4132 385 4208 requirebat
432 4132 529 4192 Immo
555 4131 702 4191 eiusmodi
728 4132 834 4192 classis
860 4153 897 4192 ea
922 4142 1019 4192 aetate
1039 4133 1071 4192 in
1092 4132 1140 4191 bis
1162 4132 1297 4210 partibus
1323 4131 1447 4209 cogitari

118 4235 207 4296 nulla
230 4241 332 4310 potest
356 4233 416 4294 nisi
443 4233 474 4292 in
501 4233 570 4293 lacn
595 4231 760 4294 Lemanno.
807 4233 1000 4294 Ebrudunum
1030 4234 1123 4311 igitur
1151 4253 1217 4294 cum
1246 4234 1335 4294 fuerit
1360 4241 1389 4292 et
1415 4234 1447 4294 iu

199 4537 224 4600 ¹)
250 4537 327 4601 Quod
345 4540 372 4590 iu
391 4554 444 4590 nuo
462 4538 529 4590 libro
547 4554 599 4590 non
619 4540 716 4606 optimo
729 4539 857 4591 Vaticano
872 4539 923 4590 178
942 4540 1038 4606 legitur
1049 4529 1162 4599 Οὗισκος
1180 4541 1331 4592 auctoritate
1350 4545 1427 4592 earet.

199 4627 224 4694 ²)
249 4633 333 4684 Locos
357 4632 389 4683 dc
413 4631 545 4698 SapaudIa
567 4640 765 4696 composuerunt
788 4632 961 4698 Boeclringius
985 4633 1018 4684 ad
1041 4635 1103 4684 Not.
1127 4634 1207 4699 Dign.
1224 4633 1313 4688 Occid.
1332 4649 1357 4700 p.
1376 4631 1446 4684 1015

117 4739 232 4790 eumque
254 4731 355 4775 secutus
380 4724 495 4788 Binding
521 4721 665 4774 Gescbiclrte
684 4723 728 4774 des
746 4722 1106 4792 burpundiscb·romanmclren
1125 4723 1293 4794 Kdnipreicba
1311 4742 1337 4790 p.
1351 4725 1376 4786 5,
1401 4725 1447 4776 sed

118 4817 239 4868 Notitiae
258 4816 319 4876 loca¹
335 4831 426 4882 parum
446 4817 575 4866 intellecto
594 4817 693 4882 decepti
713 4824 779 4868 sunt.
808 4816 859 4878 Qui
878 4818 974 4882 primns
993 4817 1140 4883 sapaudiae
1158 4819 1276 4868 meminit
1293 4819 1447 4869 Ammianus

119 4908 168 4969 15,
182 4910 227 4958 11:
246 4906 386 4959 Rhodanus
447 4907 544 4976 paludi
561 4924 613 4958 aeae
631 4909 773 4976 iupurpitat
790 4909 886 4959 nomine
898 4905 1033 4970 Lemanno,
1051 4909 1117 4960 unde
1130 4925 1180 4977 per
1194 4907 1352 4977 Sapaudiam
1371 4909 1448 4971 (liber

113 5014 246 5070 perpensa
258 4999 391 5068 pendium)
403 4999 490 5066 sertor
508 5007 532 5050 et
548 4998 679 5068 Sequanos
696 5001 816 5068 lenesque
828 5017 981 5069 propressus
994 4999 1150 5052 Viennensem
1168 5002 1271 5052 sinistra
1285 5003 1445 5070 perstrinpit,

118 5092 212 5142 denuo
230 5089 431 5159 Lupdunensem,
458 5094 479 5143 si
498 5093 535 5143 lta
553 5093 668 5159 scripsit,
692 5095 759 5143 male
778 5095 890 5158 scripsit;
916 5094 1069 5144 crediderim
1092 5095 1179 5160 paullo
1198 5095 1273 5145 aliter
1291 5101 1367 5160 atquc
1385 5095 1447 5144 iacit

117 5185 242 5237 Valesius
265 5185 351 5236 locum
375 5186 518 5236 sanandum
542 5201 598 5236 esre
620 5185 755 5236 scribendo
775 5191 879 5253 praeter
897 5183 1054 5254 Sapaudiam
1073 5193 1099 5236 et
1115 5186 1166 5236 hoc
1185 5187 1323 5252 significari
1342 5185 1446 5237 Rhoda·

117 5293 186 5330 num
204 5292 221 5327 a
239 5277 346 5329 Genava
368 5279 430 5329 inda
451 5279 529 5329 tinem
553 5279 640 5329 iacere
663 5279 773 5343 primum
797 5280 864 5329 inter
881 5279 1044 5344 provinciam
1063 5279 1206 5329 Maximam
1224 5279 1402 5346 Sequanorum
1421 5285 1448 5328 et

120 5370 290 5436 Sapaudiam,
310 5371 404 5421 deinde
422 5372 489 5421 inter
506 5371 721 5436 Lugudunensem
741 5377 768 5422 ct
784 5371 955 5424 Viennensem
974 5372 1128 5438 prouincias.
