3770 5970
166 663 195 710 n
755 657 907 708 souma,
1446 635 1494 710 43

197 830 319 891 Similes
346 839 416 890 sunt
445 830 523 890 tituli
546 830 697 889 honorarii
720 847 796 904 quoa
819 840 984 905 posuerunt
1006 830 1107 889 Italici
1128 834 1194 908 quoi
1217 830 1332 908 Arpcis
1355 835 1499 908 nepotian-

161 945 203 992 τιν
231 931 656 1008 a.685(v01.111n.531)
700 931 896 1007 similiterque
938 950 965 990 a.
988 931 1047 991 687
1069 932 1143 1008 (vol.
1165 932 1212 991 111
1241 953 1270 991 n.
1291 931 1380 1010 532);
1425 937 1497 992 cloec

160 1037 280 1093 Romani
316 1038 367 1110 qui
399 1033 563 1111 Mytilcncis
599 1035 781 1110 seponantur
812 1053 839 1092 a.
868 1032 927 1091 723
967 1032 1041 1108 (vol.
1074 1017 1121 1092 lIl
1152 1055 1180 1092 n.
1203 1033 1293 1109 455);
1333 1054 1357 1094 o.
1385 1034 1422 1094 R.
1449 1039 1499 1110 qai

165 1134 258 1214 Cyzici
284 1134 466 1211 [consistant]
494 1143 521 1192 ct
545 1132 701 1212 Cyzi[ceni]
728 1132 855 1193 Claudio
882 1135 1055 1212 imperatori
1083 1135 1190 1212 (supra
1215 1155 1242 1194 ιι.
1260 1134 1329 1212 53);
1462 1155 1501 1212 qa

161 1240 305 1314 Apameae
329 1240 511 1314 seponantur
536 1254 614 1295 anno
640 1237 753 1295 incerto
781 1235 854 1312 (vol.
870 1236 918 1294 ΙΙΙ
940 1256 968 1294 n.
986 1235 1075 1312 365);
1114 1239 1187 1295 nass
1209 1238 1332 1296 Romani
1353 1236 1497 1296 saltatio

161 1350 185 1398 ct
211 1339 280 1397 aliis
304 1343 464 1414 provinciis
490 1341 521 1395 in
540 1337 646 1395 Raetia
674 1339 854 1396 consistentes
883 1338 1048 1414 imperante
1074 1337 1132 1397 Pio
1160 1337 1233 1413 (vol.
1256 1338 1306 1396 ΙΙΙ
1334 1358 1362 1397 n.
1385 1337 1497 1415 5212);

162 1445 231 1501 oinos
251 1441 379 1499 Romani
401 1443 451 1515 qai
470 1441 653 1516 nepotiantur
673 1437 857 1514 Brocor(oc)
877 1436 1053 1516 Aspastac)
1082 1439 1270 1518 magistratui
1293 1438 1410 1498 cuidam
1433 1459 1497 1499 sas·

161 1543 224 1602 culo
246 1542 380 1601 secundo
403 1541 475 1617 (vol.
491 1541 524 1599 11
546 1561 575 1600 ιι.
593 1538 704 1616 2423);
730 1540 801 1599 item
824 1539 939 1600 Graece
962 1542 1097 1619 concepti
1119 1538 1135 1610 ἦ
1159 1531 1245 1601 πόλις
1266 1539 1283 1610 ἦ
1305 1542 1363 1598 τῶν
1380 1533 1497 1598 Ἠλείων

161 1634 206 1700 καὶ
217 1640 374 1720 Ῥωμ[αῒοι]
390 1642 413 1700 oi
428 1641 611 1723 ἕνγαροῦντες
633 1639 727 1720 (quod
743 1642 919 1702 vocabulum
935 1651 1090 1719 praeterea
1111 1662 1171 1702 non
1186 1643 1347 1719 reperitur)
1367 1643 1403 1702 P.
1419 1644 1500 1702 Alfio

161 1745 262 1804 Primo
284 1743 447 1823 Olympiae
468 1743 696 1821 (Dittenberger
717 1742 870 1804 Aroloool.
885 1744 1007 1822 Zoitanp
1026 1744 1105 1806 1877
1128 1765 1157 1822 p.
1175 1743 1241 1822 38),
1261 1735 1426 1812 Ἀθηναίων
1448 1735 1498 1802 aci

159 1839 302 1913 ‘Panaima
320 1836 368 1904 ani
388 1848 444 1905 τῶν
463 1831 558 1904 ἄλλων
574 1835 662 1923 ξένων
678 1845 700 1902 oi
714 1847 909 1907 κατοικοῦντες
923 1835 970 1902 uni
984 1841 1242 1927 παρεπιδημοῦντα
1257 1843 1285 1903 ἐν
1300 1835 1383 1922 Δι’λῳ
1399 1845 1500 1905 Theo·

161 1950 285 2026 pbrasto
308 1957 338 2008 et
359 1947 426 2006 aliis
449 1927 638 2007 curatoribus
659 1947 732 2006 Deli
755 1945 805 2022 (Ο.
821 1947 845 2005 Ι.
862 1945 916 2007 Gr.
939 1945 1029 2008 2286.
1052 1946 1133 2008 2288
1148 1947 1186 2006 cl.
1204 1947 1299 2024 2287)
1323 1947 1441 2024 aliique.
1459 1981 1497 1990 -

162 2048 355 2128 significatur
380 2049 488 2125 opinor
514 2069 575 2108 non
597 2049 635 2107 A.
658 2047 819 2108 Tarentina
842 2051 879 2106 A.
903 2048 923 2108 1.
940 2049 1039 2108 Varro
1060 2050 1187 2108 Murena
1208 2050 1259 2126 qui
1281 2049 1371 2126 periit
1392 2050 1498 2108 consul

160 2172 185 2210 a.
208 2171 236 2209 n.
258 2171 284 2210 c.
301 2151 359 2210 731
390 2149 529 2228 (Henzen
550 2170 580 2208 n.
598 2149 709 2226 5311),
744 2169 812 2208 nam
842 2150 985 2209 Murenae
1014 2151 1170 2222 vocabulo,
1199 2149 1280 2228 quod
1310 2151 1337 2209 is
1364 2151 1500 2210 omittere

160 2271 217 2312 non
251 2253 369 2324 debuit,
405 2252 437 2310 in
469 2252 526 2310 boc
558 2251 646 2310 titulo
679 2252 764 2309 locus
798 2269 857 2308 non
891 2258 952 2324 est,
992 2251 1098 2311 deinde
1137 2253 1186 2311 hic
1226 2250 1330 2311 titulus
1371 2261 1498 2311 aetatem

159 2373 231 2432 prae
260 2372 295 2412 se
321 2354 379 2412 sart
403 2353 516 2412 liberae
543 2352 585 2410 rei
613 2352 751 2429 publicae
777 2358 950 2412 extremam.
996 2351 1083 2412 Hanc
1110 2355 1149 2412 ob
1178 2371 1297 2412 causam
1320 2373 1379 2413 non
1401 2355 1498 2432 magis

161 2455 287 2534 cogitari
313 2465 411 2531 potest
438 2455 475 2513 de
496 2456 536 2512 A.
558 2452 701 2512 Terentio
717 2453 853 2512 Varrone
880 2456 931 2531 qui
958 2453 1162 2514 sibilator
1187 2454 1263 2513 alios
1289 2473 1337 2513 res
1359 2455 1497 2515 Macedo-

159 2559 225 2615 uise
248 2556 400 2615 ordinavit
426 2555 507 2631 (niv.
529 2557 584 2629 45,
603 2557 655 2627 173
682 2555 720 2614 cs.
743 2554 956 2633 Dittenberger
975 2557 1120 2615 orobacol.
1142 2556 1261 2631 Zoitunp
1287 2555 1365 2615 1878
1388 2575 1417 2633 p.
1434 2556 1498 2632 87).

159 2657 267 2717 Potius
291 2657 390 2734 agitur
412 2657 449 2716 de
471 2655 614 2716 Terentio
629 2653 767 2714 Varrone
790 2675 842 2727 eo,
865 2657 915 2732 qui
938 2657 963 2716 si
985 2655 1059 2716 fides
1081 2657 1188 2716 estiis
1210 2657 1261 2732 qui
1283 2655 1426 2716 Verriuas
1449 2658 1499 2716 ad·

160 2767 341 2818 notaverunt
361 2759 405 2835 (v.
428 2759 459 2817 in
482 2758 540 2817 div.
561 2758 589 2829 7,
611 2756 649 2814 at
671 2755 968 2817 Pseudo-Asconius
991 2778 1020 2834 p.
1039 2757 1111 2830 1093
1135 2755 1347 2818 Gronovianus
1368 2778 1397 2835 p.
1415 2758 1499 2834 398),

160 2881 186 2919 a.
202 2861 264 2920 679
290 2879 329 2918 ex
345 2861 422 2918 Asia
442 2860 600 2938 provincia
619 2859 852 2935 repetundarum
873 2867 1032 2918 accusatus
1055 2867 1101 2918 est
1123 2859 1173 2935 (cf.
1190 2859 1393 2937 Waddiugton
1403 2861 1499 2936 sostcs

160 2961 255 3021 Asiot.
279 2982 310 3039 p.
326 2961 367 3020 44
390 2961 435 3020 ed.
457 2961 553 3036 mim).
598 2958 696 3032 Quam
723 2961 907 3036 provinciam
936 2960 1148 3021 administrans
1170 2962 1246 3020 bena
1267 2979 1380 3020 merere
1401 2960 1500 3038 potuit

160 3064 195 3122 de
221 3062 465 3142 negotiatoribus
486 3060 631 3121 Deliacis.
668 3058 728 3120 Hic
749 3071 846 3121 autem
869 3079 946 3121 nnus
968 3081 1007 3120 ex
1029 3061 1124 3122 titulis
1147 3061 1296 3121 similibus
1319 3080 1385 3120 cum
1408 3080 1498 3139 nego-

159 3165 321 3224 tiatoribus
348 3163 464 3223 Italicis
492 3161 626 3222 Graecos
651 3162 820 3240 coniungit3
854 3181 922 3222 nam
950 3163 1028 3240 quod
1055 3163 1085 3220 in
1114 3161 1264 3240 Cyzicena
1292 3162 1498 3222 dedicantibus

159 3265 268 3325 incolis
291 3264 408 3325 Italicis
430 3264 633 3342 adiunguntur
654 3263 734 3323 cives
758 3262 910 3343 Cyziceni,
933 3264 1084 3325 diversum
1105 3272 1159 3324 est.

673 3819 841 3882 spanus
863 3821 906 3901 (p.
924 3824 986 3898 aa).

162 4048 206 4108 78
229 4051 260 4109 in
285 4049 402 4109 tabella
424 4047 503 4108 tenui
525 4067 564 4107 cx
586 4067 733 4108 marmore
755 4052 892 4108 caeruleo
915 4049 1042 4128 Spartae
1064 4069 1159 4109 novas
1181 4049 1212 4107 in
1234 4067 1347 4109 museo.

793 4335 814 4378 U
833 4335 848 4376 Ε
869 4335 964 4378 NUN

787 4435 966 4478 ΕΜΡΤΑΜ

767 4535 963 4580 'sncsacvt

155 5009 332 5086 Lollingius
354 5007 445 5066 misit.

194 5111 348 5170 Fortasse
370 5127 441 5185 pars
462 5109 601 5188 rescripti
624 5109 752 5170 alicuius
775 5111 967 5186 imperatorii.
