3654 5990
616 671 978 736 vursannonvunvs.
1385 652 1456 722 511

135 847 220 906 liberi
243 854 313 906 ante
334 846 483 906 civitatem
507 845 644 923 adeptam
667 847 729 906 nati
751 846 889 924 deinceps
908 845 938 905 iu
959 845 1115 926 peregrina
1135 845 1308 905 condicione
1330 861 1459 904 remane·

135 959 210 1007 rent.
247 949 283 1008 ld
305 949 384 1026 quod
407 949 564 1008 confirmat
584 948 636 1024 qui
658 967 683 1007 c.
699 967 726 1007 a.
744 949 802 1008 160
817 950 937 1026 scripsit
952 946 1049 1010 Gaius
1067 951 1095 1023 1,
1111 947 1164 1007 57:
1186 951 1327 1008 oetucne's
1348 947 1460 1024 quibus

136 1051 201 1108 dour
223 1053 339 1110 concedi
359 1051 429 1109 solet
446 1051 657 1128 principalibus
680 1051 923 1112 constitutionibus
945 1051 1091 1111 conubium
1106 1069 1167 1110 oum
1183 1050 1227 1108 bis
1242 1048 1358 1108 Latinis
1376 1065 1460 1125 pere·

134 1156 259 1228 pennae
279 1171 353 1229 quus
371 1156 483 1229 primos
503 1163 571 1230 post
590 1156 751 1213 missionem
771 1173 872 1213 uuoree
894 1156 1026 1214 eluserint
1047 1153 1178 1232 (poterat
1193 1152 1302 1212 addere
1318 1148 1375 1210 ‘vel
1391 1158 1461 1209 ante

137 1254 241 1314 ductas
263 1250 475 1331 retinuerint'):
499 1265 524 1314 et
544 1259 594 1332 qui
615 1275 648 1314 sn
669 1275 700 1314 eo
720 1259 900 1316 matrimonio
921 1265 1088 1328 noscuntur,
1110 1265 1136 1314 et
1158 1259 1230 1315 moes
1252 1253 1374 1313 Romani
1392 1256 1461 1310 etin

130 1367 275 1433 potestate
297 1366 449 1433 pareutum
468 1357 553 1432 finnt,
582 1375 649 1416 nam
677 1357 765 1417 tacite
793 1359 873 1417 cives
897 1359 1051 1418 Romanos
1078 1375 1146 1418 esce
1172 1363 1261 1434 negat
1285 1356 1397 1415 liberos
1423 1373 1462 1411 ex

137 1459 284 1518 eiusmodi
310 1460 385 1518 iuris
410 1459 560 1537 peregrini
588 1460 777 1519 matrimonio
803 1469 871 1520 ante
893 1461 1066 1521 missionem
1088 1469 1184 1519 natos.
1228 1459 1292 1518 lam
1315 1475 1385 1517 vcro
1407 1457 1463 1515 hoc

134 1561 295 1638 privilegio
317 1561 387 1620 liliis
410 1569 477 1620 ante
499 1562 530 1620 id
552 1561 652 1620 datum
675 1563 753 1622 natis
780 1563 885 1623 civitas
907 1564 1076 1623 conceditur
1097 1563 1152 1622 snb
1174 1561 1262 1621 certis
1283 1557 1463 1619 condicioni-

137 1663 204 1736 bus,
226 1681 390 1739 quaecum
412 1664 545 1742 integrae
567 1664 605 1722 ad
628 1681 682 1724 noe
704 1683 762 1724 uon
785 1667 982 1741 pervenerint,
1005 1664 1220 1744 supplementis
1241 1679 1318 1740 opus
1339 1661 1404 1720 luit.

182 1763 395 1843 Supplcmcnta
415 1766 572 1826 formanda
593 1774 678 1825 eraut
698 1768 813 1828 ratione
834 1768 937 1827 habita
957 1776 1025 1827 ante
1046 1768 1147 1826 omnia
1171 1765 1337 1843 argumenti
1357 1765 1464 1823 harum

135 1867 236 1945 legum
258 1867 473 1941 universarum,
495 1865 574 1945 quod
598 1879 644 1928 est
665 1869 702 1928 de
724 1870 843 1928 civitate
864 1881 895 1928 et
915 1871 1049 1944 conubio,
1076 1871 1159 1929 utin
1180 1869 1228 1926 his
1251 1869 1324 1926 lraec
1346 1885 1463 1944 quoque

137 1969 276 2028 clausula
297 1972 467 2030 necessario
489 1979 638 2042 versetur3
661 1972 732 2030 item
754 1971 868 2030 ratione
889 1972 992 2032 habita
1012 1972 1163 2031 clausulae
1184 1969 1366 2030 recensentis
1386 1970 1464 2028 inter

137 2071 347 2132 beneficiarios
367 2082 486 2149 praeter
507 2074 586 2133 lilios
608 2078 695 2132 etiam
718 2073 821 2146 liliam,
849 2082 962 2133 utnon
983 2075 1111 2133 illiorum
1134 2081 1260 2146 mutum,
1283 2071 1335 2131 sed
1357 2071 1463 2130 libero·

135 2191 205 2232 rum
227 2174 380 2251 utriusque
402 2192 494 2234 sexus
516 2175 706 2254 privilegium
729 2175 786 2233 hoc
809 2175 875 2234 loco
896 2176 1079 2252 requiratnr3
1101 2175 1171 2234 item
1195 2175 1352 2233 verborum
1375 2191 1408 2232 en
1426 2191 1464 2243 se,

139 2294 217 2352 quae
238 2277 399 2336 seeundum
421 2278 539 2356 linguae
562 2277 643 2353 leges
665 2277 820 2356 requirunt
840 2285 873 2336 ut
894 2278 1025 2336 veterani
1044 2282 1103 2337 sint
1121 2297 1140 2334 n
1154 2278 1263 2354 quibus
1282 2276 1465 2334 enuntiatum

137 2375 308 2455 regatur1).
344 2377 422 2438 Nam
445 2379 483 2438 ad
504 2379 595 2438 verbu
616 2378 759 2438 nascendi
781 2387 811 2438 st
832 2379 950 2437 oriundi
972 2399 1037 2438 cnm
1060 2378 1245 2458 praepositio
1264 2397 1298 2438 ec
1314 2378 1356 2437 ita
1371 2377 1466 2456 appli-

138 2491 231 2553 cetur,
259 2488 291 2539 ut
312 2481 506 2556 aequabiliter
531 2489 562 2540 et
587 2480 623 2540 de
649 2491 742 2540 matre
769 2492 927 2559 usurpetur
952 2491 981 2540 et
1005 2482 1041 2541 dc
1062 2479 1202 2559 patrol),
1228 2481 1259 2538 in
1287 2481 1404 2558 legibus
1430 2479 1466 2537 do

139 2583 199 2642 hoc
227 2582 322 2659 magis
349 2583 482 2641 adhiberi
509 2583 600 2656 solet,
632 2592 666 2642 ut
696 2584 777 2643 lilius
809 2594 894 2643 nutus
925 2601 959 2642 en
984 2584 1081 2660 aliqum
1114 2593 1283 2661 opponatur
1309 2583 1465 2660 adoptivo;

137 2703 236 2761 neque
262 2685 339 2744 enim
366 2685 451 2744 aliter
476 2685 507 2744 id
532 2685 639 2744 Latine
666 2685 724 2744 dici
750 2685 898 2762 poteet3),
930 2705 996 2745 cum
1016 2687 1099 2763 filius
1126 2687 1268 2745 naturalia
1294 2703 1354 2744 uon
1382 2701 1466 2743 usur-

138 2796 228 2865 petur
248 2787 306 2846 nisi
328 2787 365 2846 de
386 2787 449 2846 illio
471 2807 529 2846 non
551 2789 638 2846 iusto.
683 2787 742 2846 His
769 2787 993 2848 condicionibus
1016 2796 1048 2846 nt
1068 2788 1272 2848 tabefacerem
1294 2795 1325 2847 et
1345 2785 1467 2846 difficile

139 2890 291 2965 negotium
315 2889 416 2965 aliqua
437 2890 552 2948 ratione
574 2889 761 2966 expedirem,
787 2891 931 2968 proposui
957 2891 1036 2967 quod
1057 2908 1149 2967 supra
1170 2890 1292 2968 legitur:
1315 2899 1467 2966 pronereo

139 2991 252 3068 [liberis
273 2991 435 3066 eorundem]
458 2993 640 3050 decurionum
660 3002 687 3050 et
709 2991 922 3068 conterminum,
944 2997 995 3068 qui
1016 3011 1077 3051 cum
1093 2993 1155 3070 filis
1176 2993 1219 3068 in]
1237 2992 1418 3070 prouinc(io)
1434 3010 1467 3050 ec

136 3113 171 3151 se
192 3097 352 3169 promentis
374 3093 488 3169 [milites
508 3095 549 3152 ibi
570 3093 734 3169 coatelJloni
760 3104 864 3167 essem
894 3103 955 3166 aut,
982 3099 1008 3152 si
1035 3096 1080 3153 cui
1107 3095 1204 3172 magis
1230 3094 1359 3171 placebit
1385 3095 1466 3153 lilios

138 3215 201 3254 nou
228 3197 305 3256 inter
330 3194 523 3269 castellanos,
551 3196 603 3254 sed
631 3195 720 3255 solita
746 3197 862 3254 ratione
888 3195 1078 3268 militavisse,
1108 3197 1164 3254 sicr
1189 3207 1337 3272 praetereo
1359 3196 1467 3273 [liberis

138 3298 303 3373 mudena]
325 3298 505 3357 decumonum
527 3307 553 3355 et
573 3295 784 3372 centurio[nutn,
812 3301 862 3372 qui
884 3297 1014 3375 probatis
1034 3297 1098 3373 fllia
1120 3297 1163 3372 in]
1183 3299 1363 3374 prouinc(io)
1385 3317 1419 3357 eu
1439 3316 1469 3356 se

133 3404 301 3478 procrearis
324 3399 395 3476 [ipsi
415 3400 456 3457 ibi
476 3399 642 3476 obaudiant
661 3409 760 3458 easmt.

184 3501 272 3576 Quod
300 3501 325 3560 si
352 3519 439 3578 quem
466 3501 592 3560 offendit
616 3503 658 3560 ita
684 3522 722 3560 ex
749 3501 786 3560 iis
812 3519 889 3578 quae
915 3501 1095 3578 praecedunt
1119 3503 1203 3577 prins
1229 3520 1347 3561 comma
1372 3503 1468 3562 solum

137 3605 322 3682 cogitatione
345 3604 494 3682 suppleri,
522 3603 636 3662 scilicet
656 3606 795 3663 ciuitatem
816 3604 976 3663 Romanurn
997 3603 1085 3677 dedit,
1112 3621 1178 3662 cum
1203 3606 1354 3682 posterius
1377 3613 1403 3662 et
1425 3625 1469 3664 eo·

138 3707 258 3766 nubium
274 3749 344 3766 ....
362 3706 483 3784 singulis
506 3705 544 3764 ad
564 3706 643 3765 lilios
664 3724 725 3765 non
744 3714 821 3765 reete
841 3705 997 3778 referatur,
1018 3705 1147 3765 fortasse
1164 3706 1220 3766 hoc
1234 3725 1271 3765 ne
1286 3727 1388 3766 verum
1405 3707 1469 3785 qui-

222 3974 244 4038 ¹)
273 3976 360 4027 Velim
378 3991 410 4026 ne
429 3975 521 4026 leviter
540 3974 589 4026 hoc
609 3976 751 4040 aestiment,
772 3977 863 4044 quibus
882 3976 968 4028 studia
986 3976 1049 4028 haec
1068 3976 1146 4028 hodie
1165 3992 1240 4028 curae
1256 3984 1315 4030 suut
1328 3977 1469 4030 mausiacti

139 4068 325 4133 scriptionibus
344 4069 444 4120 Latinis
463 4082 529 4135 quae
549 4068 667 4118 dicuntur
685 4069 819 4119 doctorum
841 4071 931 4119 tertiae
950 4071 1030 4135 magis
1049 4084 1126 4134 quam
1145 4070 1272 4120 secundae
1291 4070 1470 4122 declinationis

141 4161 278 4210 hominum
304 4168 329 4210 et
352 4167 489 4226 propterea
516 4143 591 4226 saepe
615 4161 682 4210 insto
706 4161 830 4212 mitiores.
868 4161 958 4226 Neque
982 4163 1051 4211 euim
1075 4161 1117 4210 bic
1136 4163 1220 4226 agitur
1238 4162 1270 4211 de
1289 4162 1363 4212 titulo
1383 4164 1470 4228 aliquo

141 4253 252 4318 privato,
274 4267 337 4318 quos
357 4253 441 4302 omnis
459 4253 561 4316 generis
580 4253 738 4303 soloecismis
757 4253 888 4304 abundare
907 4269 984 4304 nemo
1003 4261 1087 4319 negat,
1108 4253 1153 4303 sed
1173 4253 1278 4318 delego
1297 4254 1400 4318 publica
1416 4255 1470 4304 eina

140 4345 258 4410 generis,
283 4346 309 4394 in
331 4357 381 4410 quo
400 4343 552 4394 barbarismi
571 4343 651 4395 labris
669 4345 827 4410 imputandi,
852 4346 963 4396 utillud
982 4360 1028 4412 que
1046 4361 1094 4411 pro
1113 4360 1189 4412 quoe,
1214 4352 1272 4395 aute
1295 4347 1397 4397 tertium
1415 4361 1471 4396 sae-

141 4437 230 4486 culnm
248 4437 325 4500 nulli,
350 4436 503 4488 barbarismi
522 4443 619 4498 sutem,
644 4438 688 4503 qni
711 4438 745 4488 ad
770 4445 900 4489 auctorem
919 4438 982 4512 logis
1001 4437 1117 4500 redeant,
1142 4438 1212 4490 nullo
1233 4445 1347 4504 tempora
1366 4439 1412 4488 ulli
1431 4453 1470 4488 re-

142 4529 287 4594 potiuntur.

222 4617 247 4682 ²>
275 4621 340 4674 Iuda
359 4637 411 4672 nou
430 4623 514 4674 miuus
532 4629 600 4673 recte
619 4621 712 4673 dieitur
730 4637 807 4689 nepos
827 4637 859 4674 ec
875 4622 934 4691 silio
953 4631 1028 4676 nutus
1046 4637 1122 4690 quam
1141 4638 1218 4691 nepos
1235 4639 1266 4674 es
1283 4622 1352 4691 filiu.
1390 4623 1470 4674 Addo

142 4716 217 4764 locos
237 4715 370 4779 quosdam.
406 4713 505 4764 Ennius
523 4715 615 4780 fragm.
635 4715 687 4765 ³46
707 4714 824 4770 Vahlen:
848 4731 910 4768 uene
927 4722 953 4769 ts
971 4731 1085 4783 nunquan
1103 4717 1130 4768 in
1148 4715 1265 4786 premium
1284 4714 1392 4767 molior
1411 4713 1471 4766 libe-

141 4821 273 4856 roruutes
286 4812 308 4856 te
320 4821 405 4873 penus.
437 4807 574 4858 Terentius
587 4807 689 4871 Hecyra
703 4805 770 4857 libb:
790 4808 814 4856 si
831 4823 861 4857 en
879 4823 915 4858 me
934 4806 983 4858 illa
1002 4806 1095 4859 liberos
1112 4807 1187 4858 uellet
1204 4805 1261 4858 sibi.
1293 4807 1407 4873 Adelph.
1422 4809 1472 4858 lb:

144 4914 177 4948 ex
200 4912 236 4948 ure
260 4895 301 4948 bic
322 4905 396 4948 nonus
419 4915 469 4948 nou
492 4905 541 4961 eat,
569 4897 613 4948 sed
629 4897 717 4964 frome
741 4913 772 4948 eru
793 4915 853 4949 meo.
896 4900 1032 4952 Sallustius
1051 4901 1106 4966 Ing.
1128 4901 1152 4963 b,
1166 4899 1197 4950 'Ic
1220 4901 1243 4950 is
1261 4897 1430 4950 Adherbalem
1448 4906 1473 4949 et

143 4985 315 5056 Hiempsalem
338 5006 369 5040 en
390 5005 442 5040 sese
460 4992 546 5056 penult
563 4988 757 5057 qunrtbmnpne
775 5025 783 5040 .
798 5026 805 5041 .
822 5027 829 5042 .
849 4990 932 5043 eodem
951 4992 1019 5044 cultu
1038 5008 1084 5059 quo
1105 4989 1197 5042 liberos
1215 5007 1273 5043 suos
1292 4991 1360 5043 domi
1375 4989 1471 5042 babuit.

144 5081 272 5146 Ulpianus
292 5081 352 5146 neg,
366 5083 409 5144 49,
427 5083 468 5144 lb,
484 5083 517 5132 21
532 5099 585 5148 prm
608 5084 632 5132 su'
650 5083 706 5148 quis
788 5097 818 5132 ec
836 5098 862 5133 ss
880 5091 964 5134 notum
983 5082 1029 5134 snb
1048 5082 1119 5135 tituto
1138 5084 1265 5135 namralis
1281 5083 1338 5152 fita·
1419 5101 1470 5134 mo-

143 5174 282 5224 numisere't.
321 5173 362 5225 Oi.
381 5174 498 5224 Handius
516 5175 544 5224 in
563 5175 710 5225 Turselliuo
731 5176 746 5224 2
766 5191 791 5240 p.
807 5175 868 5228 636.

224 5263 249 5327 ²)
277 5264 362 5316 Simili
381 5267 480 5316 ratione
498 5265 555 5330 lege
575 5274 676 5316 cautum
696 5275 751 5316 erat
768 5273 797 5316 ut
814 5268 877 5318 socii
891 5269 1002 5320 nominis
1021 5269 1107 5320 latini
1127 5270 1195 5320 cives
1213 5269 1324 5321 Romani
1342 5269 1433 5319 flerent
1451 5271 1473 5321 ii

144 5359 191 5426 qui
209 5358 308 5428 stirpem
327 5373 358 5408 ec
376 5373 428 5410 sese
445 5357 513 5409 dorni
530 5357 698 5428 relinquerent
716 5359 782 5422 (Lis.
796 5360 840 5423 41,
856 5359 891 5424 ⁸).

1202 5449 1262 5511 34*
