3770 5970
181 608 269 656 m-as
778 605 932 654 aenam.
1471 581 1518 650 45

182 775 229 834 82
254 779 285 835 in
308 777 438 836 frustnlo
460 777 539 853 quod
563 777 745 852 pertinuisse
768 775 884 834 videtur
905 775 943 832 ad
967 775 1176 834 vestimentum
1199 783 1316 832 statuae
1334 791 1449 843 aereae,
1472 771 1520 828 lit-

223 881 298 936 teris
321 879 480 955 argenteis,
503 879 565 936 lato
589 897 626 936 m.
643 877 726 950 0.06‚
749 878 810 938 alto
832 897 871 936 m.
886 876 989 949 0.025,
1012 895 1115 937 crasso
1132 896 1170 936 m.
1187 876 1288 934 0.005.
1321 874 1397 952 Rep.
1415 873 1520 951 Olym-

223 981 294 1055 piae
318 979 346 1039 6.
362 979 441 1039 Nor.
461 979 538 1039 187?
564 981 602 1038 ab
626 981 699 1038 aede
721 980 804 1038 Iovis
817 981 904 1057 inter
925 979 1077 1038 meridiem
1101 987 1131 1038 et
1152 979 1305 1038 orientem.

180 1449 216 1507 lt.
234 1450 317 1508 weit
340 1451 503 1526 descripsit
524 1460 554 1509 et
575 1450 665 1508 misit.

183 1615 344 1626 ——nn

179 1716 226 1776 83
251 1719 283 1776 in
305 1719 473 1795 fragmento
496 1719 614 1778 tabulae
637 1737 742 1778 aereae
757 1719 820 1777 lato
835 1739 872 1776 m.
887 1718 968 1791 0.09,
992 1718 1053 1776 alto
1069 1737 1108 1776 m.
1120 1717 1202 1790 0.10,
1224 1673 1325 1776 crasso
1341 1736 1379 1774 m.
1392 1716 1516 1774 0.0035.

221 1819 385 1898 Olympiae
409 1841 471 1898 rep.
494 1831 572 1890 ante
587 1820 691 1879 eedem
715 1821 797 1879 Iovis
821 1821 858 1878 ad
880 1821 1073 1879 occidentem.

813 2071 895 2273 tp

178 2361 216 2420 R.
233 2363 316 2421 Weil
339 2363 499 2440 descripsit
521 2373 551 2421 et
572 2363 662 2422 misit.

348 2897 491 2957 DYMut
514 2898 761 2974 (Kato·Achaia)
784 2898 917 2957 Achaiae
939 2899 1010 2975 (ins.
1033 2905 1102 2976 post
1123 2917 1147 2956 c.
1160 2897 1221 2956 VII
1243 2916 1270 2972 p.
1288 2896 1352 2972 98).

180 3134 229 3195 84
260 3137 379 3195 duobus
406 3138 552 3214 exemplis
575 3157 613 3196 ex
640 3137 737 3216 lapide
764 3139 899 3198 ealeareo
926 3138 1010 3211 albo,
1037 3155 1162 3213 quorum
1187 3136 1219 3194 id
1240 3137 1321 3212 quod
1341 3153 1515 3213 repraesen-

220 3239 355 3296 tavimus
378 3239 472 3296 altum
494 3249 541 3297 eet
562 3259 600 3299 m.
617 3238 705 3312 0.62‚
731 3240 824 3300 latum
846 3239 933 3312 0.40,
955 3240 1080 3298 alterum
1103 3239 1297 3310 drumart,
1320 3238 1413 3296 latum
1433 3237 1513 3297 Odi.

219 3339 458 3413 Kato-Achaia,
483 3343 531 3400 ubi
553 3341 645 3420 vulgo
668 3339 783 3400 Olenus
805 3342 897 3402 fuisse
919 3342 1058 3413 ereditur,
1082 3341 1134 3399 aed
1158 3339 1276 3417 Dyman
1298 3340 1398 3417 petius
1419 3339 1515 3398 fuisse

219 3441 366 3500 Duhnius
393 3453 495 3501 censet
521 3443 574 3520 (ef.
597 3443 693 3503 Mittit.
716 3445 765 3504 des
791 3445 870 3503 aret.
894 3443 966 3504 Iret.
987 3461 1023 3502 aa
1044 3441 1169 3501 Artena
1192 3461 1221 3518 p.
1238 3442 1307 3518 75),
1333 3442 1364 3500 in
1390 3441 1513 3500 aedibus

220 3541 380 3602 Leonidae
401 3543 528 3624 Xingae.

429 3849 708 3910 AVGVSTAE
934 3869 959 3907 v.
983 3851 1001 3907 t.
1025 3851 1143 3926 exempti
1165 3850 1299 3910 alteriue.-

460 3967 569 4010 vsrrsnr
585 3981 592 3996 ·
611 3968 723 4012 sacnv·

429 4069 570 4111 evavrrua
592 4083 599 4098 ·
624 4071 739 4112 nutans
973 4071 1052 4111 ueras
1074 4074 1128 4131 pro
1152 4070 1266 4112 senene

460 4156 708 4215 sacrnnos·e1vs
1018 4172 1082 4214 atvs

387 4274 398 4311 a
496 4257 665 4316 D·S·P·F

176 4556 232 4616 Iul.
249 4557 371 4616 Martha
392 4557 522 4616 Buttetin
543 4559 578 4616 de
599 4577 671 4618 corr.
695 4559 884 4635 telldniqaei
905 4559 1016 4636 (1878)
1039 4549 1158 4636 p.'100;
1181 4558 1403 4633 descripserunt
1425 4557 1460 4616 F.
1477 4559 1512 4616 de

177 4657 273 4716 Dnhn
297 4657 350 4732 (ei.
374 4659 469 4718 Mittit.
493 4661 541 4717 dee
563 4662 641 4720 urei.
665 4661 736 4719 [πει.
758 4680 793 4718 zu
815 4660 908 4720 Aaron
927 4663 944 4719 3
968 4681 997 4738 p.
1015 4663 1068 4738 74)
1090 4671 1120 4720 et
1141 4661 1177 4719 R.
1193 4660 1284 4719 Weil.

219 4760 360 4818 Alterum
388 4761 557 4837 exemplum
584 4771 706 4838 propter
732 4768 861 4822 errorem
889 4764 951 4821 v.3
979 4764 1141 4823 admissum
1169 4764 1309 4822 reiectum
1336 4781 1403 4824 esse
1429 4767 1512 4824 vide·

176 4873 234 4921 tur.
256 4893 297 4904 —
325 4863 462 4939 Augusta
480 4861 582 4921 Venus
609 4863 736 4922 fortasse
762 4883 821 4923 non
847 4873 909 4923 tam
928 4865 1031 4925 Venus
1059 4875 1105 4926 est
1130 4885 1217 4942 quam
1244 4867 1385 4944 Augusta
1411 4867 1513 4942 aliqua

176 4953 224 5020 via
244 4953 419 5044 Ἀφροδίτης
444 4964 610 5041 comparari
633 4973 733 5042 potest
758 4965 842 5024 Ceres
864 4966 944 5025 Iulia
966 4967 1101 5043 Aupasta
1123 4969 1182 5026 divi
1203 4966 1328 5042 Aupuati
1348 4967 1410 5026 noti
1432 4969 1510 5026 tituli

177 5061 337 5122 Ganlitani
361 5062 455 5123 Oreil.
472 5063 542 5136 618,
565 5085 642 5141 quae
663 5076 711 5124 est
730 5067 799 5142 ipsa
820 5067 916 5126 Livia.
954 5065 1094 5127 Ceterum
1116 5087 1188 5128 eave
1210 5069 1314 5128 eredas
1336 5070 1421 5127 utin
1443 5087 1511 5145 pro·

175 5165 287 5224 vinciis
316 5165 464 5224 eiusmodi
493 5167 626 5226 sacraria
653 5168 887 5241 instituerentur,
916 5171 1141 5230 consecratione
1169 5170 1291 5246 publiea
1318 5170 1421 5247 populi
1448 5171 1511 5230 Ro·

177 5266 260 5328 mani
282 5284 360 5343 opus
381 5266 485 5326 fuisse.
