3654 5990
261 671 414 723 ammas
441 670 678 723 ronrrrrnnau
705 670 967 721 uouvuuuuvu
994 669 1270 722 cananaeorum.
1356 652 1428 723 485

101 859 153 907 tus
184 856 230 905 eat
259 847 394 922 fastigio,
425 846 505 922 quod
531 865 598 904 cum
626 845 799 922 epistylium
827 845 987 922 parastatis
1015 845 1134 904 incubet
1160 845 1258 922 ipsum
1288 846 1432 907 columnis

101 949 249 1010 suffulciri
270 947 436 1024 videtur1).
478 948 606 1007 Inferior
628 947 811 1006 monumenti
832 965 902 1025 pars
922 965 989 1006 cum
1012 949 1040 1006 vi
1063 947 1197 1007 adhibita
1216 948 1305 1025 plane
1328 968 1433 1008 eversa

102 1054 158 1124 sit,
185 1063 283 1110 tamen
310 1070 376 1110 cum
403 1051 483 1109 intus
510 1051 589 1110 haud
612 1050 704 1109 dubia
725 1050 840 1127 antiqui
861 1051 1024 1127 pavimenti
1049 1052 1177 1129 vestigia
1199 1061 1364 1128 appareant
1385 1062 1432 1111 c'o·

102 1155 272 1214 lamnarum
295 1153 421 1212 altitudo
443 1161 525 1212 certa
546 1154 662 1212 ratione
683 1153 881 1212 demonstrari
903 1161 1010 1230 potest
1054 1154 1105 1212 Ad
1126 1172 1271 1228 pronaum
1292 1175 1346 1232 per
1368 1173 1432 1214 sca·

103 1258 152 1315 las
174 1256 285 1316 aditum
307 1256 411 1326 fuisse,
434 1255 488 1314 etsi
510 1255 642 1331 ipsarum
664 1255 737 1313 nihil
760 1263 906 1332 superest,
928 1267 958 1314 et
979 1256 1037 1315 loci
1059 1265 1164 1315 natura
1188 1255 1274 1315 docet
1297 1268 1326 1316 et
1343 1257 1432 1316 huius

103 1379 172 1417 cum
194 1359 263 1417 aliis
286 1359 485 1416 monumentis
508 1358 613 1417 vicinis
635 1358 828 1434 comparatio,
850 1357 932 1416 velut
953 1356 1033 1432 quod
1049 1357 1164 1435 Berylli
1184 1366 1306 1416 vocatur
1322 1359 1432 1419 colum·

104 1461 236 1533 barium,
262 1461 299 1519 cf.
327 1459 417 1519 tabl
434 1459 506 1532 0ος
534 1479 588 1518 uec
616 1459 713 1517 minus
740 1461 807 1536 ipsa
833 1460 1034 1520 columnarum
1062 1478 1202 1519 mensura
1223 1461 1253 1518 iu
1276 1471 1435 1522 causaest

105 1563 211 1623 curin
232 1563 432 1622 fundamentis
454 1572 502 1621 sat
523 1562 631 1639 amplis
653 1581 705 1621 eas
725 1563 840 1638 positas
862 1562 956 1620 fuisse
978 1573 1153 1622 statuamus.

190 1665 371 1742 Epistylium
403 1665 481 1741 quod
511 1683 571 1722 uua
598 1682 664 1722 cum
691 1665 823 1741 zophoro
853 1664 963 1741 optime
992 1673 1201 1724 conservatum
1230 1676 1290 1740 est,
1324 1668 1433 1745 quippe

104 1771 177 1828 vivo
203 1786 277 1827 saxo
304 1768 452 1840 excisum,
483 1767 557 1824 duas
580 1767 691 1825 fascias
713 1766 803 1824 habet
824 1767 946 1824 alteram
970 1767 1054 1826 alteri
1081 1768 1295 1841 imminentem,
1324 1770 1433 1844 quibus

106 1891 186 1948 quaa
212 1870 410 1948 superiniecta
436 1877 482 1928 est
504 1868 578 1927 stria
599 1868 701 1944 paullo
722 1869 810 1928 latior
832 1869 917 1928 titulo
940 1869 1122 1928 dedicatoria
1144 1870 1289 1946 iuscripta
1309 1879 1368 1942 est,
1396 1871 1433 1930 cf.

104 1976 202 2033 Inscr.
227 1976 252 2031 1.
301 1971 467 2048 Fastigium
503 1971 621 2029 urceolo
653 1979 682 2028 et
709 1979 815 2047 patera
843 1980 979 2030 ornatum
1009 1971 1156 2049 utrimque
1184 1973 1221 2031 ad
1248 1987 1434 2050 metoparum

106 2075 329 2136 similitudinem
360 2074 495 2150 singulos
524 2074 614 2131 habet
641 2083 793 2150 serpentes
822 2074 899 2132 inter
926 2074 1011 2132 binas
1040 2092 1107 2133 aras
1137 2075 1326 2150 exsculptos,
1358 2094 1434 2153 quae

105 2179 327 2254 triglyphorum
349 2177 415 2235 loco
438 2185 516 2235 sunt.
554 2173 762 2253 Capitulorum
784 2184 944 2252 supersunt
966 2176 1049 2234 abaci
1065 2177 1171 2249 mutili,
1195 2195 1320 2252 quorum
1336 2187 1434 2236 tamen

105 2281 196 2340 alteri
222 2299 287 2339 cum
313 2279 429 2357 pulvini
454 2279 633 2355 volutaeque
655 2279 767 2354 aliquid
789 2277 965 2337 adhaereret
986 2297 1051 2337 cum
1074 2279 1191 2338 acanthi
1213 2279 1340 2352 foliolis,
1366 2281 1435 2339 inde

106 2383 267 2461 pristinam
288 2381 413 2442 formam
436 2382 636 2457 redintegrare
658 2389 784 2439 conatus
807 2399 885 2452 sum,
908 2400 933 2438 v.
957 2383 1015 2440 tab.
1032 2381 1083 2439 1F.

194 2484 343 2543 Vestibuli
372 2483 435 2542 aive
461 2484 566 2559 pronai
591 2483 757 2562 parietibus
783 2483 993 2559 inscriptiones
1021 2481 1155 2542 Graecae
1181 2482 1367 2561 Latinaeque
1392 2485 1436 2542 in-

106 2587 191 2648 cisae
216 2595 298 2659 sunt,
325 2604 451 2662 quarum
477 2604 553 2663 quae
578 2585 754 2662 ingredienti
781 2586 909 2644 adversa
936 2594 983 2644 est
1008 2586 1126 2644 acanthi
1151 2585 1233 2644 foliis
1264 2587 1301 2644 ab
1329 2587 1435 2646 ceteris

107 2690 287 2766 seiungitur.
324 2686 386 2749 Sub
408 2689 462 2747 hac
483 2688 674 2765 inscriptione
696 2707 771 2764 quae
791 2689 847 2747 fuit
868 2689 939 2747 olim
960 2696 1049 2765 porta
1069 2687 1106 2746 ad
1125 2697 1281 2767 angustam
1298 2689 1434 2747 cellulam

107 2791 295 2852 conducebat
321 2790 522 2867 compluribus
548 2790 656 2849 loculis
685 2791 822 2870 oblongis
848 2791 1037 2862 instructam,
1064 2790 1141 2849 unde
1164 2809 1218 2867 per
1242 2791 1352 2868 gradus
1383 2791 1437 2849 ali-

107 2903 187 2972 quot
211 2895 250 2952 ad
276 2912 423 2952 cameram
449 2895 545 2969 ipsam
573 2892 766 2971 sepulcralem
795 2894 984 2952 descenditur
1006 2911 1095 2969 opere
1117 2893 1271 2952 coronario
1293 2893 1438 2952 incrusta-

106 3009 189 3067 tam,
215 2997 251 3054 de
272 3015 332 3072 quo
355 3004 472 3072 praeter
494 3014 591 3072 pauca
612 2997 729 3055 acanthi
751 2997 825 3055 folia
847 2993 1000 3072 Gorgonis
1022 3003 1111 3071 caput
1133 3004 1270 3071 superest
1291 2997 1437 3074 anguibus

107 3099 265 3170 crinitum,
292 3099 452 3156 maximam
478 3104 577 3156 tanuen
599 3107 713 3174 partem
736 3098 765 3156 id
786 3117 926 3157 manuum
949 3099 979 3154 vi
1001 3097 1138 3156 deletum.
1181 3097 1280 3156 Huius
1303 3117 1437 3157 camerae

108 3203 243 3280 parietes
269 3211 346 3259 tecto
373 3200 540 3277 propinqua
560 3219 670 3258 corona
692 3200 783 3259 ambit
804 3219 863 3258 non
884 3199 1009 3258 multum
1032 3200 1217 3276 prominens,
1244 3200 1293 3258 ubi
1316 3200 1439 3260 vaseula

106 3321 264 3380 urnasque
286 3302 448 3360 cinerarius
470 3303 583 3379 positas
605 3302 698 3361 fuisse
721 3303 911 3372 coniecerim;
933 3301 1012 3362 infra
1026 3302 1062 3362 ad
1079 3303 1213 3360 dextram
1229 3301 1438 3379 sinistramque

106 3407 204 3466 loculi
225 3404 360 3482 perlongi
382 3404 544 3480 parietibus
566 3405 692 3464 immissi
714 3405 752 3462 ad
774 3403 978 3464 defunctorum
999 3423 1125 3482 corpora
1138 3405 1255 3480 integra
1269 3405 1439 3483 recipienda

107 3508 266 3583 maiorque
294 3507 382 3565 eham
409 3515 439 3563 et
463 3505 641 3583 profundior
664 3509 695 3565 in
718 3507 824 3584 apsida
845 3516 985 3566 curvatus
1007 3506 1121 3566 loculus
1143 3509 1174 3564 in
1196 3508 1309 3585 pariete
1331 3507 1437 3578 medio,

108 3611 230 3670 duobus
256 3610 342 3669 lectis
368 3615 471 3684 aptus,
498 3608 546 3666 ubi
570 3609 691 3667 dubium
713 3628 773 3667 non
796 3618 840 3669 est
861 3609 933 3685 quin
955 3609 1049 3684 ipsius
1072 3609 1252 3686 Pomptillae
1273 3618 1438 3686 posteaque

106 3713 247 3789 Philippi
269 3712 325 3770 viri
347 3728 418 3770 ossa
440 3710 559 3768 condita
580 3711 698 3784 fuerint,
719 3711 757 3770 cf.
780 3712 871 3770 Inscr.
892 3715 937 3770 13.

196 3815 290 3872 Varia
315 3813 370 3872 illa
395 3831 471 3888 quae
497 3813 527 3870 in
555 3821 701 3878 aetomate
723 3815 820 3873 efficta
841 3814 972 3874 diximus
994 3814 1145 3891 symbola,
1172 3813 1198 3870 si
1220 3813 1340 3890 quidem
1362 3832 1438 3890 opus

107 3927 161 3979 est
186 3917 342 3995 explicari,
369 3914 513 3990 explicari
539 3917 629 3974 variis
651 3917 748 3975 modis
770 3927 909 3994 possunt:
937 3918 1017 3976 velut
1039 3916 1220 3994 serpentium
1240 3916 1385 3994 imagines
1407 3925 1439 3976 ut

106 4028 242 4098 possunt
268 4019 305 4078 ad
332 4021 448 4080 animae
474 4018 726 4078 immortalitatem
753 4028 962 4096 aeternamque
988 4026 1202 4096 postmortem
1224 4019 1314 4078 vitam
1335 4019 1440 4077 referri

104 4125 157 4182 ita
177 4122 278 4181 nescio
300 4142 338 4180 an
360 4123 499 4182 subtilius
520 4120 740 4196 interpretanda
761 4123 830 4180 siut.
866 4122 903 4180 ln
922 4121 1011 4180 titulo
1033 4121 1111 4178 enim
1130 4121 1312 4180 dedicatoria
1329 4120 1439 4198 Pomp-

107 4224 181 4284 tilla
203 4233 324 4283 uocatur
344 4226 550 4297 benedicta,
573 4243 632 4300 quo
655 4224 829 4302 cognomine
852 4223 963 4282 Isidem
985 4222 1132 4282 interdum
1154 4223 1335 4301 appellatam
1356 4223 1439 4283 noui·

107 4344 195 4388 mus:
222 4327 287 4386 eius
315 4327 387 4385 deae
413 4345 533 4404 serpens
560 4327 705 4384 sollemne
730 4335 793 4384 erat
814 4326 938 4402 insigne.
981 4324 1094 4384 Divino
1116 4333 1212 4384 autem
1235 4326 1293 4384 ritu
1316 4343 1438 4384 uxorem

107 4427 173 4489 coli
196 4428 289 4488 voluit
303 4429 468 4509 ¹Philippus
490 4447 556 4488 cum
578 4429 634 4488 bos
658 4445 759 4487 versus
782 4427 924 4486 scriberet
945 4427 998 4502 (cf.
1020 4429 1200 4504 Inscr.14):

398 4567 523 4626 Iunonis
546 4567 633 4625 sedes
654 4565 786 4624 infernae
809 4565 918 4623 cernite
941 4567 1054 4623 cuncti:

399 4671 519 4728 numine
541 4677 654 4727 mutato
675 4668 768 4744 fulget
791 4667 953 4743 Pomptilla
974 4685 1027 4743 per
1049 4686 1163 4727 aevom.

106 4806 199 4867 Haec
221 4806 281 4864 fere
303 4814 371 4864 suunt
391 4825 468 4884 quae
490 4807 528 4864 ad
551 4805 776 4865 describendum
800 4805 999 4864 clarissimum
1022 4807 1101 4882 apud
1123 4803 1314 4866 Calaritanos
1336 4825 1439 4866 monu-

107 4917 247 4970 mentum
269 4909 430 4983 pertinent:
459 4909 512 4969 sed
534 4908 708 4984 priusquam
731 4907 845 4966 dicendi
867 4907 956 4966 finem
978 4907 1094 4980 faciam,
1121 4909 1289 4967 fabularum
1312 4908 1439 4969 curiosis

107 5113 318 5125 μ...-

189 5271 214 5335 ¹)
242 5275 273 5324 V.
294 5273 373 5324 tab.I
396 5273 439 5323 ubi
464 5275 564 5338 qualem
585 5287 632 5337 ego
652 5273 785 5322 restituere
805 5279 910 5324 conatus
929 5288 985 5323 sum
1004 5273 1135 5324 aediculae
1154 5273 1302 5337 adspectum
1322 5287 1373 5321 non
1393 5271 1439 5322 du·

104 5370 165 5419 bito
186 5367 248 5433 quin
268 5382 325 5416 cum
345 5368 450 5432 antiqua
468 5367 552 5431 specie
571 5366 625 5416 fere
643 5373 774 5430 congruat.
