3618 5968
448 642 749 696 ossanvnrrouus
776 643 1059 696 arianaruroun.
1344 623 1416 693 217

108 817 253 875 referemus
280 813 375 893 legem
403 833 422 872 a
448 815 613 874 Ritschelio
645 815 774 891 (priscae
800 817 866 874 Lat.
895 836 972 875 mon.
1003 837 1031 894 p.
1056 815 1127 892 123)
1154 817 1197 874 ita
1223 817 1417 875 enuntiatam:

107 917 266 996 ‘geminatio
288 919 513 1000 consonantium
537 917 620 976 nulla
642 927 710 978 ante
725 919 864 990 Ennium,
888 919 978 977 ferme
992 939 1030 976 ex
1052 937 1147 995 aequo
1163 920 1309 977 fluctuans
1332 919 1369 976 ab
1391 939 1418 977 a.

105 1019 137 1079 ‘e
151 1021 207 1080 580
227 1021 267 1078 ad
289 1019 359 1093 620,
382 1019 556 1096 praevalens
580 1021 616 1078 ab
639 1039 665 1078 a.
683 1019 743 1079 620
766 1023 804 1079 ed
827 1022 896 1092 640,
919 1023 980 1080 fere
1004 1030 1143 1080 constans
1166 1022 1203 1079 ab
1226 1041 1254 1078 a.
1270 1039 1294 1078 c.
1311 1015 1394 1080 640³.

177 1123 203 1179 2.
247 1111 383 1204 Ma'apuoc
402 1133 544 1198 perpetuo
565 1123 719 1193 scribitur;
742 1122 880 1182 sedeam
901 1123 1026 1182 formam
1041 1143 1059 1180 a
1074 1123 1132 1182 fine
1151 1124 1263 1182 saeculi
1284 1124 1362 1182 sexti
1383 1123 1421 1181 ad

104 1226 198 1284 aetatis
219 1225 430 1301 imperatoriae
453 1225 538 1283 initia
559 1225 590 1283 in
613 1243 669 1284 usu
691 1224 786 1284 fuisse
808 1226 880 1285 alibi
902 1226 1102 1286 demonstravi
1120 1225 1213 1302 (Eph.
1232 1226 1244 1281 l
1263 1245 1292 1302 p.
1306 1223 1390 1301 286).

176 1327 202 1384 3.
247 1347 267 1384 a
289 1327 398 1384 Latina
420 1327 553 1402 sequitur
573 1328 655 1403 leges
683 1337 856 1400 consuetas,
885 1327 998 1387 scilicet
1024 1329 1073 1386 ubi
1098 1328 1208 1386 vocalis
1231 1337 1276 1386 est
1296 1335 1327 1386 et
1353 1348 1421 1405 pro-

103 1431 214 1502 ducitur,
244 1437 486 1505 repraesentatur
513 1430 620 1488 litteris
647 1451 692 1488 cu:
719 1421 846 1498 Ἰούλιος,
866 1421 1003 1502 Πούπιος,
1032 1431 1081 1489 ubi
1103 1430 1216 1489 vocalis
1239 1436 1285 1488 est
1307 1441 1336 1488 et
1358 1450 1420 1487 cor·

101 1533 206 1607 ripitur,
229 1539 471 1609 repraesentatur
492 1531 666 1607 plerumque
688 1531 787 1590 littera
810 1554 837 1590 c:
861 1533 911 1606 ita,
935 1543 967 1591 ut
988 1533 1103 1592 mittam
1117 1523 1231 1594 Κέοντος
1246 1537 1275 1590 et
1288 1522 1421 1598 Πέπὶοος,

101 1635 231 1692 scribitur
250 1623 425 1702 Ἀππολῆοος
448 1641 477 1691 et
496 1626 685 1716 Κροστομεῖνοι
708 1635 759 1710 (os.
781 1634 991 1711 Dittenberger
1012 1635 1150 1693 Hermi}
1174 1653 1202 1710 p.
1220 1633 1303 1709 282).
1343 1633 1422 1693 Con·

100 1737 213 1794 tracium
237 1735 316 1793 soret
338 1754 364 1792 v.
383 1733 418 1792 21
441 1727 616 1818 Ρο[ο’βρι]ος,
639 1737 690 1794 sed
712 1756 788 1812 quae
810 1737 888 1797 intra
910 1755 1001 1795 uncos
1024 1738 1111 1814 posui
1127 1737 1340 1814 Papadopulus
1362 1756 1421 1794 nou

100 1838 165 1895 vidit
189 1857 246 1898 uec
274 1838 347 1896 satis
377 1837 435 1896 lida
462 1847 540 1896 sunt.
587 1838 721 1914 Diversa
747 1839 862 1897 ratione
890 1860 944 1916 pro
972 1841 990 1896 ri
1012 1840 1203 1899 substituitur
1236 1839 1336 1897 littera
1356 1862 1369 1894 ε
1391 1839 1423 1896 in

99 1941 247 1999 vocabulis
271 1930 387 1999 heduae
409 1951 438 1998 et
459 1931 618 2012 Λουκίλιος,
640 1959 716 2017 quas
738 1942 850 2000 formas
873 1943 911 2000 ad
927 1941 1101 2000 Latinorum
1118 1941 1217 2000 Loac·
1238 1951 1317 1999 recte
1339 1960 1422 2000 revo-

99 2043 222 2102 cabimus
255 2041 307 2119 (cf.
337 2042 547 2120 Dittenberger
578 2044 598 2101 l.
625 2062 650 2101 c.
674 2063 702 2120 p.
724 2045 798 2120 310)
832 2055 861 2102 et
891 2035 1061 2126 Νεμετώριος
1093 2043 1319 2119 (Dittenberger
1350 2043 1368 2100 l.
1397 2063 1421 2101 c.

96 2166 121 2221 p.
138 2144 224 2220 297),
249 2145 320 2202 item
342 2143 443 2202 littera
464 2165 480 2200 υ
503 2145 532 2204 ln
555 2139 693 2226 Oderopt'n
715 2156 744 2204 et
766 2149 794 2204 in
818 2147 911 2206 altero
932 2137 1091 2214 Ῥωμυλιά,
1116 2147 1166 2204 ubi
1189 2145 1349 2220 respondet
1375 2145 1423 2202 lit-

97 2257 170 2304 terae
192 2249 211 2304 ἅ
235 2265 302 2304 oum
324 2250 335 2302 ο
357 2246 526 2304 alternanti.
573 2247 711 2324 Denique
733 2269 752 2306 a
774 2267 942 2308 consonans
966 2250 1056 2307 solito
1082 2267 1164 2306 more
1186 2247 1317 2306 redditur
1340 2269 1370 2303 oo
1393 2247 1424 2304 in

96 2341 268 2430 Xopolor'icos
289 2339 468 2430 (Kapoldiuos
491 2349 592 2426 Pap).
614 2342 770 2436 odilhptoe,
797 2343 934 2433 Οὖοτυρῖα
957 2349 1184 2426 (Dittenberger
1205 2351 1225 2407 l.
1244 2369 1268 2407 c.
1292 2369 1321 2424 p.
1338 2349 1423 2423 303),

95 2452 144 2509 sed
158 2474 174 2509 υ
190 2461 238 2510 est
259 2451 290 2509 in
307 2439 458 2510 ’Oaradaor
474 2451 594 2526 (ibidem
611 2471 639 2528 p.
657 2453 742 2530 306).
764 2454 824 2512 Pro
840 2458 907 2529 qui·
922 2453 1069 2528 reperitur
1084 2451 1172 2510 modo
1187 2474 1245 2508 κοο-
1262 2453 1292 2510 in
1306 2440 1423 2512 Κόιντος

95 2555 310 2629 similibusque,
332 2553 420 2610 modo
442 2575 492 2610 uo·
516 2555 545 2611 in
567 2546 686 2636 Kapria
708 2555 935 2632 (Ditteuberger
957 2554 976 2614 l.
1000 2575 1026 2614 c.
1048 2573 1077 2631 p.
1094 2553 1179 2631 292).

173 2657 202 2714 4.
241 2659 255 2713 i
274 2655 384 2713 Latina
399 2655 459 2713 abit
474 2657 504 2714 iu
520 2679 531 2712 ε
548 2657 578 2714 in
593 2649 724 2733 κομεοῖῳ,
739 2649 908 2739 Νεμετώριος
922 2657 1146 2734 (Dittenberger
1161 2657 1179 2713 l.
1193 2676 1218 2715 c.
1230 2677 1258 2734 p.
1275 2656 1334 2715 130
1344 2657 1422 2732 seq.)

95 2758 181 2816 solito
208 2777 303 2816 more.
352 2760 395 2815 at
423 2779 445 2814 a
469 2779 522 2834 pro
547 2771 557 2816 Ξ
579 2761 609 2818 in
632 2752 742 2822 >iubam
768 2769 796 2817 et
823 2769 993 2818 constanter
1018 2760 1050 2817 in
1075 2751 1169 2816 -va'va
1195 2759 1324 2817 tribuum
1351 2777 1424 2817 saue

95 2861 222 2920 notabile
252 2871 300 2918 est
325 2860 357 2917 iu
384 2859 472 2918 titulo
500 2863 619 2937 septimi
645 2863 771 2934 saeculi,
798 2881 894 2937 neque
922 2866 1042 2920 omuino
1070 2861 1208 2939 componi
1236 2871 1336 2937 potest
1358 2880 1425 2919 eum

94 2966 240 3044 exemplis
269 2961 416 3020 similibus
440 2961 620 3023 Graecitatis
647 2965 784 3023 labentis.
829 2964 934 3022 Potius
956 2964 1025 3023 inde
1047 2963 1238 3042 repetendum
1261 2975 1317 3035 est,
1346 2964 1426 3040 quod

94 3088 155 3126 cum
182 3070 284 3146 ipsum
313 3067 494 3125 vocabulum
516 3065 656 3124 Latinum
679 3071 703 3123 ei
729 3067 861 3138 haberet,
891 3065 999 3126 Graeci
1022 3068 1078 3124 etsi
1101 3066 1265 3125 debuerunt
1286 3090 1293 3121 ι
1316 3065 1425 3124 substi-

95 3177 187 3241 tuere,
222 3171 251 3230 si
285 3170 405 3246 quidem
437 3175 462 3227 ei
483 3168 603 3227 Latinis
631 3173 641 3225 i
667 3169 788 3246 longum
821 3169 1010 3246 significabat
1038 3169 1088 3244 (cf.
1117 3167 1250 3228 Corssen
1277 3167 1423 3227 Vocat2

92 3291 118 3347 p.
140 3273 307 3348 llbseq.),
341 3283 439 3330 tamen
466 3292 566 3330 errore
594 3271 624 3328 in
648 3270 816 3329 nominibus
848 3273 978 3347 propriis
1005 3271 1084 3329 facili
1112 3271 1327 3348 diphthongum
1356 3272 1426 3328 reti-

92 3383 229 3433 nuerunt.
254 3407 292 3416 —
316 3366 443 3431 Μενεινῖα
467 3373 521 3442 29,
549 3393 615 3432 cum
642 3374 681 3431 sit
702 3365 824 3442 Μενηνία
849 3374 968 3446 10.13,
995 3394 1080 3433 error
1106 3375 1201 3450 magis
1229 3382 1276 3432 est
1297 3373 1426 3431 scriben-

92 3477 127 3534 tis
150 3477 399 3536 describentisre.
440 3467 592 3558 Ἀρνῆνοης
617 3494 671 3551 pro
693 3476 825 3534 Arnensi
849 3477 945 3553 magis
967 3485 1013 3536 est
1035 3476 1195 3534 declinatio
1219 3475 1256 3533 ad
1280 3473 1425 3535 Graecam

91 3597 249 3639 conversa.

173 3683 239 3740 Per
260 3683 334 3740 haec
355 3701 420 3740 oum
444 3682 587 3740 ducamur
608 3681 645 3738 ad
668 3688 794 3740 aetatem
811 3679 845 3740 C.
865 3679 993 3741 Gracchi
1016 3681 1078 3739 lere
1099 3681 1143 3739 vel
1167 3681 1256 3756 paulo
1279 3681 1425 3755 posterio-

90 3805 162 3856 rem,
191 3785 351 3844 commode
373 3783 481 3842 accidit
502 3783 581 3860 quod
604 3791 724 3842 senatus
747 3784 883 3841 consulto
905 3784 974 3842 anni
997 3803 1023 3842 c.
1045 3783 1104 3840 626
1127 3781 1425 3857 (v.c.1.1..v01.1

90 3908 116 3963 p.
136 3888 214 3963 158)
239 3893 359 3945 servato
382 3906 401 3944 a
421 3887 551 3963 Iosepho
574 3895 635 3942 ant.
659 3887 706 3954 13,
728 3885 757 3956 9,
778 3885 795 3942 2
820 3887 871 3962 qui
894 3885 1050 3944 scribendo
1073 3884 1232 3944 adfuerunt
1253 3885 1310 3942 duo
1333 3892 1426 3943 testes

90 3989 220 4049 redeunt
242 3990 320 4047 inter
342 4007 395 4047 eos
422 4007 497 4065 quos
524 3989 572 4046 hic
598 3987 776 4059 invenimus,
799 4007 903 4064 nempe
933 3985 964 4046 C.
989 3986 1175 4063 Sempronius
1199 3987 1230 4046 0.
1246 3989 1274 4061 s.
1298 3987 1427 4044 Falerno

89 4101 118 4148 ct
134 4092 195 4149 M’.
215 4091 350 4150 Lucilios
366 4091 407 4148 M.
418 4095 445 4166 s.
463 4089 643 4160 Porsennam
667 4109 734 4148 narn
756 4091 812 4148 hoc
835 4109 940 4148 nomen
964 4091 1085 4147 omnino
1106 4089 1286 4147 reddendum
1310 4098 1356 4148 est
1377 4090 1427 4147 Io-

89 4195 186 4271 sepho
211 4214 268 4270 pro
291 4195 427 4268 eoquod
450 4193 576 4250 traditur
597 4189 712 4250 Λούκιος
734 4182 841 4252 Μάνιος
862 4184 980 4249 Λουκίου
1004 4187 1063 4253 cide
1083 4193 1214 4248 Μενοινοῖ.
1264 4189 1428 4250 Confirmat

88 4297 116 4352 id
140 4297 326 4366 litteratura,
349 4295 509 4354 secuudum
531 4314 620 4370 quam
642 4293 773 4353 Earinus
796 4295 912 4354 titulum
940 4295 1081 4352 iudicarit
1108 4305 1263 4353 exaratum
1285 4311 1351 4352 esse
1375 4313 1428 4368 per

88 4409 249 4457 extremos
275 4397 336 4456 XX
360 4397 406 4454 vel
428 4397 521 4455 XXX
543 4415 638 4454 annos
661 4414 739 4454 saec.
768 4407 836 4454 ante
859 4395 931 4456 Chr.
959 4396 1094 4469 secundi,
1120 4396 1151 4454 id
1177 4407 1222 4454 est
1247 4397 1373 4454 intera.
1397 4417 1427 4455 u.

88 4520 112 4558 c.
131 4501 325 4559 saa-655.

100 4637 103 4640 ·
175 4602 326 4680 Superest
358 4621 397 4660 ex
436 4609 558 4660 senatus
591 4601 729 4661 consulto
767 4602 863 4660 solum
899 4601 1055 4660 exordium
1091 4602 1291 4660 additamento
1326 4603 1427 4678 aliquo

88 4715 227 4763 auctum.
271 4704 423 4763 Numerus
454 4719 552 4762 autem
584 4715 754 4764 senatorum
787 4705 836 4781 qui
865 4705 1021 4763 scribendo
1049 4703 1209 4762 adsuerunt
1234 4704 1321 4780 plane
1346 4705 1427 4762 inso-

87 4808 163 4867 litus
193 4817 252 4876 est,
281 4827 347 4865 narn
374 4827 441 4866 cum
469 4806 539 4864 alibi
567 4808 635 4880 diro,
664 4819 740 4876 tres,
771 4816 898 4882 septem,
927 4817 1003 4878 octo,
1032 4807 1069 4864 ad
1097 4825 1243 4865 summum
1272 4806 1427 4865 duodecim

89 4917 301 4986 compareant,
323 4909 371 4966 hio
386 4909 544 4967 adsuerunt
562 4910 690 4986 amplius
714 4910 848 4986 triginta3
872 4929 926 4968 neo
947 4910 1021 4966 satis
1041 4909 1223 4984 intellegitur
1242 4911 1294 4984 qui
1317 4909 1428 4967 facturn

89 5014 129 5071 sit
151 5021 187 5070 ut
210 5013 242 5069 iu
261 5031 295 5070 re
311 5031 370 5068 non
390 5013 464 5069 tanti
480 5013 621 5069 momenti
642 5013 683 5069 ita
701 5013 738 5069 ab
755 5030 809 5070 usu
826 5012 974 5071 communi
991 5011 1184 5070 recederetur.
1221 5011 1330 5070 Possis
1354 5011 1429 5068 adeo

89 5116 234 5172 conicere
249 5113 386 5171 hocloco
402 5132 461 5170 uon
476 5113 642 5172 enumerari
663 5116 715 5188 qui
731 5104 929 5196 [ppupoar'v]p
945 5115 1086 5196 παρῆσαν,
1109 5115 1164 5172 sed
1180 5116 1233 5189 qui
1247 5111 1274 5170 ἔν
1289 5115 1329 5188 τῷ
1344 5103 1429 5187 [βοο-

88 5209 242 5300 >.οο,τηρ]ο’ῳ
264 5214 407 5296 παρῆσαν,
433 5216 513 5291 quod
541 5217 780 5292 supplementum
810 5217 967 5293 proposuit
989 5215 1128 5274 Earinus.
1174 5214 1232 5276 Sed
1255 5235 1321 5274 curu
1343 5233 1430 5291 prae-

89 5331 175 5378 terea
203 5319 238 5376 in
264 5325 388 5378 senatus
416 5317 559 5377 consultis
589 5336 690 5378 eorum
719 5321 768 5396 qui
797 5319 956 5378 adfuerunt
980 5336 1120 5378 uumerus
1147 5318 1266 5394 quidem
1293 5325 1429 5394 ponatur,

89 5423 219 5481 nomina
243 5431 340 5479 autem
364 5439 423 5479 non
446 5421 679 5498 perscribantur,
708 5441 727 5478 a
749 5421 840 5480 solita
866 5421 962 5479 forma
984 5429 1043 5478 tam
1067 5420 1155 5497 longe
1177 5420 1315 5480 recedere
1338 5420 1429 5478 uolui.
