3684 5984
381 603 454 676 356
983 621 1106 672 cavan

381 799 514 874 exceptis
530 798 584 868 eis,
606 795 758 872 inquibus
780 815 903 854 munera
924 804 1200 867 commemorantur,
1223 814 1300 871 qnae
1321 797 1378 854 iam
1402 803 1471 855 ante
1492 797 1575 855 illum
1597 797 1627 853 in
1651 815 1705 854 usu

380 900 507 958 fuerant.
541 897 662 958 Titulos
677 899 813 970 maiores,
838 898 992 974 inquibus
1015 899 1168 973 complura
1191 917 1313 956 munera
1333 907 1550 969 enumerantur,
1572 917 1631 956 non
1650 899 1705 956 sub

382 1003 520 1061 omnihus
535 1000 683 1078 capitibus
698 1000 802 1077 plenos
818 1000 965 1078 adscripsi
986 1000 1047 1072 sed,
1070 1018 1145 1077 quae
1164 1000 1270 1077 cuique
1284 1000 1352 1059 loco
1367 1007 1438 1076 apta
1451 1011 1545 1072 erant,
1560 1001 1705 1076 excerpsi.

384 1102 444 1177 Qui
466 1103 597 1180 integros
619 1103 718 1181 legere
739 1102 827 1174 volet,
855 1110 1007 1178 postremo
1028 1102 1135 1178 capite,
1161 1103 1241 1180 quod
1267 1113 1311 1163 est
1332 1104 1369 1162 de
1390 1105 1575 1179 promotione
1596 1102 1706 1178 princi-

381 1206 504 1283 palium,
526 1223 579 1266 eos
601 1206 712 1264 relatos
734 1204 873 1263 inveniet.

1029 1550 1056 1624 I.

643 1699 710 1774 DE
738 1697 1006 1774 SIGNIFERIS
1033 1699 1096 1772 ΕΤ
1124 1697 1444 1774 VEXILLARIIS.

465 1913 489 1971 Ι.
533 1909 655 1970 Initium
677 1907 845 1967 faciendum
867 1914 913 1965 est
934 1925 952 1964 a
974 1907 1146 1966 cohortibus
1168 1907 1302 1986 vigilum,
1328 1927 1454 1986 quarum
1478 1911 1625 1971 vexillarii
1648 1931 1707 1971 uon

382 2035 451 2074 raro
474 2015 516 2072 ita
538 2021 814 2082 commemorantur,
836 2018 867 2068 ut
889 2009 1017 2068 dubitari
1039 2018 1175 2086 nequeat,
1198 2013 1269 2087 quin
1288 2012 1325 2070 ad
1341 2012 1475 2089 singulas
1497 2015 1646 2072 centurias
1662 2034 1706 2072 re·

382 2117 495 2176 ferendi
511 2116 581 2174 sint.
617 2113 694 2172 Nam
716 2120 746 2170 et
765 2112 796 2170 in
818 2111 968 2170 laterculis
990 2130 1008 2168 a
1029 2110 1241 2171 Kellermanno
1263 2113 1396 2172 tractetis
1418 2114 1706 2192 (vl,1057.1058)

384 2230 413 2278 et
429 2221 457 2276 iu
474 2217 564 2278 simili
578 2216 631 2290 VI,
649 2214 728 2274 1056
751 2213 887 2291 singulae
909 2214 1058 2272 centuriae
1080 2215 1158 2274 inter
1179 2225 1292 2274 ceteros
1314 2215 1494 2294 principales
1516 2217 1626 2276 habent
1647 2219 1707 2276 siu·

385 2322 472 2400 gulos
495 2319 679 2380 vexillarios.

425 2425 460 2482 In
483 2424 604 2482 cohorte
625 2421 650 2480 1.
673 2420 796 2498 vigilum
819 2419 1023 2479 Antoniniana
1044 2426 1113 2479 sunt
1133 2421 1177 2479 hi:

470 2529 496 2584 l.
531 2545 598 2584 vex.
622 2524 749 2582 Paccius
773 2522 951 2595 Paccianae,
974 2525 1090 2575 centuria
1107 2525 1224 2590 Ingenui.

467 2629 496 2686 2.
531 2647 597 2687 vex.
620 2627 748 2704 Agidius
771 2624 927 2694 chrestus,
952 2627 1201 2677 centuriovicton's.
1302 2625 1370 2676 1·1)·
1391 2611 1497 2662 0205.

468 2731 495 2788 3.
531 2749 598 2788 vex.
621 2729 756 2789 Renuins
778 2727 877 2799 Felix,
901 2729 1015 2778 centuria
1034 2728 1160 2790 Quintini.

467 2834 496 2890 4.
532 2850 598 2891 vex.
622 2832 723 2890 Titius
746 2828 938 2900 Saturninus,
961 2831 1076 2880 centuria
1093 2829 1206 2880 Iuvenis.

427 2939 462 2997 In
484 2939 607 2998 cohorte
621 2938 658 2996 V.
674 2937 796 3014 vigilum
818 2935 862 2994 hi:

469 3041 497 3100 5,
530 3059 597 3098 vex.
619 3039 656 3098 T.
672 3039 780 3098 Vibius
802 3039 960 3108 Paternus,
982 3039 1097 3089 centuria
1116 3038 1237 3089 Caeserni
1257 3039 1415 3092 Senecionis.

469 3145 496 3202 6.
532 3161 597 3200 vox.
609 3141 626 3199 7
636 3141 671 3200 L.
686 3140 900 3216 Hordion(ius)
913 3137 1119 3214 Peculiar(is),
1139 3141 1254 3218 centuria
1268 3143 1327 3192 Aeli
1344 3143 1478 3210 Torquati.

468 3247 496 3303 7.
531 3263 597 3304 vex.
620 3245 661 3303 M.
678 3241 857 3319 Ounnei(us)
874 3241 1022 3313 Titianus,
1045 3243 1159 3293 centuria
1177 3244 1249 3308 Ulpii
1267 3245 1402 3296 Rutilium.

469 3347 495 3404 8.
529 3366 595 3405 vex.
619 3347 659 3404 M.
682 3345 787 3404 Iunius
808 3343 916 3415 Rufus,
938 3345 1053 3396 centuria
1072 3345 1197 3395 Taurisci.
1517 3353 1605 3416 cm,
1628 3353 1706 3404 1057.

468 3449 496 3506 0.
531 3467 594 3506 vex.
619 3446 650 3509 S.
673 3445 849 3523 Claud(ius)
872 3445 971 3518 Felix,
994 3448 1108 3497 centuria
1128 3447 1276 3511 Auloporis.

451 3552 497 3609 10.
532 3569 598 3609 rex.
622 3550 657 3609 P.
680 3550 776 3609 lulius
799 3547 1000 3624 Faustin(us),
1023 3551 1137 3598 centuria
1157 3548 1185 3598 C.
1206 3549 1257 3598 Iuli
1275 3549 1342 3600 Ruti.

451 3655 497 3712 ll.
531 3672 598 3711 vex.
620 3651 695 3712 71..
720 3650 871 3710 Domitius
893 3650 993 3722 Felix,
1016 3652 1131 3701 centania
1149 3651 1240 3700 Aureli
1257 3651 1330 3701 iusti.

429 3755 463 3813 In
487 3754 587 3814 eadem
609 3754 714 3832 paucis
737 3755 824 3812 annis
846 3762 914 3828 post
936 3752 979 3829 (p.
995 3748 1029 3811 C.
1048 3747 1121 3826 210)
1144 3751 1187 3808 bi:

451 3857 497 3914 11.
531 3877 596 3915 vex.
619 3856 655 3915 P.
680 3855 863 3932 Decim(ius)
885 3853 1067 3924 Primianus,
1094 3855 1346 3908 centurieValentir.

1357 3851 1372 4212 1
1406 4017 1435 4067 c.
1451 4019 1496 4079 vr,
1520 4019 1598 4067 roos.

1302 2759 1331 2810 C.
1346 2759 1392 2821 VI,
1416 2759 1494 2811 1056.

451 3961 498 4018 13.
532 3977 600 4018 vex.
622 3957 640 4014 7
661 3957 695 4016 L.
720 3959 862 4016 Aurelius
884 3955 1064 4028 Felicianns,
1087 3959 1201 4008 centoria
1215 3959 1312 4009 Verini.

452 4061 498 4120 14.
535 4079 600 4118 vex.
625 4058 659 4118 C.
682 4061 868 4136 Pomponius
889 4059 986 4132 Felix,
1010 4061 1124 4110 centoria
1143 4059 1255 4110 Romuli.

450 4165 497 4222 15.
531 4183 599 4222 vex.
620 4162 638 4219 7
658 4163 699 4221 M.
722 4162 827 4221 Iunius
849 4161 956 4233 Rufus,
979 4164 1093 4212 centuria
1112 4162 1242 4215 Sohaemi.

386 4268 504 4327 Desunt
526 4268 675 4327 vexillarii
694 4269 738 4326 eis
758 4275 871 4327 tanturn
888 4266 1040 4337 centuriis,
1064 4284 1190 4342 quarum
1212 4266 1347 4324 laterculi
1371 4273 1424 4323 aut
1445 4284 1568 4344 prorsus
1584 4287 1709 4328 erance-

386 4382 454 4429 runt
472 4378 523 4428 uut
540 4371 635 4429 mutili
658 4380 737 4430 suut.
774 4371 851 4430 1058
875 4371 906 4428 in
928 4371 1025 4447 prima
1045 4368 1179 4428 centuria
1199 4377 1301 4428 exstat
1321 4375 1394 4426 nota
1415 4371 1600 4448 praescripta
1617 4371 1710 4442 VEX,

386 4491 475 4549 quam
503 4475 582 4549 quod
609 4493 716 4533 nomen
744 4481 878 4532 secutum
906 4472 959 4542 sit,
992 4470 1119 4529 fortasse
1146 4471 1246 4548 colligi
1273 4481 1374 4546 potest
1400 4490 1438 4530 ex
1464 4471 1556 4531 lutere
1584 4473 1710 4533 adverso

387 4575 475 4634 huius
498 4574 617 4652 lapidis,
639 4577 669 4633 in
692 4593 752 4651 quo
774 4576 898 4652 legitur:

472 4677 518 4734 16.
553 4677 593 4736 M.
616 4677 746 4736 Minucio
769 4676 924 4736 Honoruto
948 4678 1058 4750 vexill,

386 4779 438 4856 qui
468 4798 570 4838 curam
601 4781 701 4858 operis
732 4779 861 4839 faciendi
891 4781 951 4858 egit
983 4801 1042 4840 unu
1071 4799 1135 4838 cum
1163 4777 1197 4838 C.
1224 4779 1356 4839 Antonio
1384 4780 1508 4839 Antulla
1540 4783 1711 4841 centurione

386 4882 500 4958 primae
533 4882 692 4942 centuriae.
727 4915 765 4925 -
800 4883 924 4942 Praeter
955 4883 1113 4942 laterculos
1145 4882 1291 4941 vexillarii
1323 4883 1522 4943 centuriarum
1554 4885 1585 4943 iu
1617 4884 1712 4944 titulis

386 4984 573 5061 reperiuntur
594 4982 638 5042 bi:

473 5089 519 5145 17.
554 5085 588 5147 (i.
609 5086 727 5146 Virrius
754 5087 904 5147 Iucundns
932 5089 1020 5148 vexil.
1046 5087 1111 5146 coh.
1135 5088 1175 5147 II.
1201 5089 1257 5166 vig.
1281 5087 1443 5165 (centuria)
1463 5087 1578 5148 Viserti
1599 5088 1710 5150 Latini.

387 5188 471 5248 milit.
496 5208 563 5248 ann.
580 5188 638 5261 Vl,
660 5208 736 5248 meu.
755 5189 831 5262 VII,
857 5191 921 5250 dies
942 5189 1083 5262 XVIIII,
1111 5191 1142 5250 in
1164 5192 1208 5250 eis
1230 5200 1380 5265 tesseras,
1408 5191 1500 5268 optio,
1527 5193 1710 5250 vexillarius.

389 5291 447 5349 vix.
472 5310 539 5350 ann.
561 5290 691 5351 XXVII.
735 5294 811 5346 Pisis.
850 5295 895 5346 Or.
911 5295 990 5345 3480.
