3654 5990
461 669 1059 726 oesaevnnonasaereusrnrcsn.
1347 653 1419 728 519

94 843 253 904 Hirsutum
281 863 348 904 cum
374 845 405 904 in
434 843 532 922 oslige
557 845 596 904 ed
622 845 750 923 primum
776 846 869 922 pilnm
896 848 1095 925 peruenisset,
1123 849 1252 909 nanum
1277 849 1358 909 fecto
1385 850 1423 908 nd

97 947 229 1006 militine
249 946 364 1007 ordinis
387 947 512 1007 rumoris
535 948 609 1008 dnus
631 948 834 1024 praefecturae
857 949 1035 1028 suscepisse,
1062 950 1373 1012 alterem‘lluetorum
1394 957 1425 1011 et

97 1047 326 1108 vindelicorum
348 1058 377 1108 et
398 1049 487 1110 vallis
509 1049 676 1121 Poeninae,
694 1050 818 1110 ultorem
839 1051 915 1110 levis
936 1061 1112 1112 armaturae.
1148 1053 1184 1112 Id
1207 1053 1286 1114 enim
1307 1053 1425 1133 linguae

96 1150 175 1210 ratio
192 1151 309 1228 flagitat
328 1151 385 1210 hac
399 1160 497 1211 estete
515 1153 652 1231 copulem
667 1170 727 1212 non
741 1153 901 1214 admittens
922 1155 988 1214 solo
1009 1155 1113 1214 ultimo
1130 1175 1172 1216 ex
1189 1155 1328 1234 plurilus
1347 1157 1425 1229 loco,

96 1271 153 1314 nec
179 1253 279 1312 minus
304 1253 421 1331 flagitet
448 1273 511 1327 res;
537 1273 605 1314 nem
629 1258 792 1332 praefectus
820 1256 889 1316 leuis
915 1267 1080 1318 structurus
1104 1279 1157 1336 per
1179 1276 1211 1318 se
1234 1258 1267 1318 in
1292 1257 1425 1320 eiusdem

100 1356 207 1416 notatis
228 1355 324 1416 titulis
347 1356 508 1434 aliquoties
529 1356 726 1433 reperitur1).
764 1357 851 1434 iungi
874 1367 973 1418 autem
995 1360 1055 1418 duo
1076 1360 1175 1420 uitinia
1196 1360 1317 1420 diversa
1335 1361 1424 1420 inter

100 1458 200 1536 posits
224 1457 335 1535 copula
361 1477 420 1518 nou
450 1458 609 1518 admodum
636 1477 737 1518 rarum
765 1468 826 1532 eet,
853 1478 1034 1538 quamquem
1056 1462 1231 1540 plerumque
1250 1461 1424 1523 vocobulum

101 1578 257 1620 commune
284 1561 440 1636 repetitum
471 1562 502 1620 in
531 1562 587 1620 hoc
613 1561 700 1620 titulo
726 1579 793 1620 cum
820 1563 988 1640 praefectus
1014 1565 1045 1623 in
1069 1565 1169 1642 priore
1196 1574 1281 1641 parte
1306 1565 1426 1625 tertium

101 1677 205 1723 meum
234 1663 386 1735 adsumet,
417 1663 450 1722 in
475 1665 642 1742 posteriore
669 1663 846 1737 secundum,
875 1665 907 1723 id
936 1673 983 1725 est
1013 1666 1077 1726 illic
1107 1666 1257 1744 participii
1284 1667 1349 1727 loco
1376 1667 1425 1740 sit,

101 1765 152 1824 hio
178 1764 373 1838 substantivi,
404 1783 440 1824 eo
472 1765 568 1843 megia
598 1773 709 1826 certum
737 1776 783 1826 ost
810 1787 871 1828 non
899 1766 935 1826 dc
964 1767 1068 1827 endem
1096 1767 1196 1828 officio
1224 1769 1299 1829 lrueo
1326 1769 1427 1830 omnia

101 1867 197 1946 uoeipi
219 1883 320 1943 posse.
343 1899 384 1913 -
404 1867 582 1928 Praefectus
596 1868 707 1940 Bootis,
730 1869 896 1942 Vindelicis,
916 1870 1166 1930 sollemnem
1188 1869 1317 1948 (incolis)
1340 1872 1426 1949 ellip-

100 1970 158 2030 tice
180 1969 297 2042 dicimr,
325 1971 466 2046 quoniam
486 1970 641 2030 Poeninae
661 1969 752 2030 vallis
773 1971 889 2031 incolae
916 1991 976 2032 uon
1000 1971 1188 2050 appellentur
1208 1973 1335 2034 Poenici
1356 1991 1426 2034 sno·

100 2091 160 2150 que
184 2071 332 2133 rocsbulo
359 2071 510 2148 cereum).
553 2073 618 2131 Iam
645 2091 718 2133 vero
744 2093 811 2134 cnm
837 2073 1007 2152 provincias
1032 2077 1255 2152 procuratorias
1281 2095 1357 2154 quae
1383 2077 1426 2135 di·

99 2181 208 2235 cuntur
235 2173 339 2234 eodem
367 2174 432 2234 iure
463 2174 677 2250 praefectoriae
706 2175 764 2235 dici
795 2177 914 2252 possint
942 2185 973 2236 et
1000 2176 1147 2255 Inalpinis
1172 2179 1348 2256 praesertim
1375 2180 1427 2256 qui

100 2285 244 2355 praesunt
267 2294 479 2353 saepenumero
500 2277 642 2354 preelecti
662 2277 861 2356 appellentur,
887 2279 968 2355 quod
993 2297 1032 2338 ex
1056 2280 1113 2339 hoc
1138 2280 1225 2339 titulo
1252 2281 1337 2340 effeci
1363 2281 1426 2340 vel·-

98 2381 161 2440 lom
178 2379 347 2439 *Poeninum
370 2397 436 2439 cum
452 2377 560 2440 Raetia
581 2388 611 2438 et
625 2378 796 2440 Vindelicis
816 2381 981 2458 imponente
995 2380 1116 2442 Tiberio
1138 2382 1195 2442 sub
1216 2383 1319 2443 eodem
1341 2401 1427 2460 prae·

100 2481 167 2542 sido
186 2481 289 2554 inisse,
310 2493 411 2542 menet
431 2482 651 2542 inconcussum.

184 2585 291 2644 Altero
316 2585 385 2644 loco
411 2603 498 2661 quom
520 2584 620 2657 citavi,
645 2585 750 2646 titulus
764 2585 947 2646 Veronensis
969 2585 1069 2644 vctv
1092 2606 1120 2645 ιι.
1137 2586 1218 2647 3936
1240 2585 1279 2660 Q.
1302 2585 1427 2648 Caecilii

101 2685 217 2748 Oisiuoi
238 2684 363 2763 Septicii
383 2686 472 2747 Piceo
495 2685 658 2748 Oeeoilisni
677 2687 904 2765 proconesum)
925 2687 1149 2766 Aupustor(um)
1176 2700 1202 2749 ot
1218 2709 1275 2766 pro
1302 2689 1426 2767 lep(otc)

95 2791 262 2867 proniuciui
282 2789 399 2848 Baetici
419 2798 446 2848 et
465 2789 666 2867 Vindelicfiur)
688 2801 714 2851 et
733 2791 820 2850 oollie
834 2789 1003 2866 Posuimus)
1024 2799 1084 2850 tarn
1107 2799 1210 2868 aperte
1231 2791 1373 2868 loquitur,
1395 2799 1427 2851 nt

101 2891 235 2969 qnodei
256 2901 419 2968 opponeret
439 2892 496 2952 hoc
516 2891 613 2952 solum
630 2891 784 2971 Zippellus
804 2892 918 2952 invenit
939 2893 990 2952 uni
1011 2894 1081 2953 testi
1102 2894 1179 2952 mele
1202 2894 1283 2954 credi
1305 2894 1427 2953 vellem·

102 3011 167 3071 que
178 2992 343 3052 Poeninum
365 3013 402 3052 co
423 3001 557 3073 tempore
578 3011 645 3054 cum
659 2994 1003 3073 RaetiaVindelicieqne
1022 3004 1112 3056 extra
1132 2996 1265 3056 ordinem
1286 2997 1426 3057 coniunc-

102 3106 265 3156 tamesso.
277 3095 423 3173 potuisse.
457 3095 537 3156 Nam
558 3096 639 3174 quod
660 3097 755 3157 eddit:
788 3097 953 3158 αιιιιιάιιιι
974 3098 1076 3158 dommi
1094 3099 1145 3158 der
1160 3098 1233 3159 litei
1253 3109 1427 3178 procurator

100 3217 159 3278 pru
184 3199 283 3277 legato
304 3197 360 3273 fuir
379 3199 426 3257 dis
447 3197 619 3260 Stottlsoltor
639 3200 906 3276 procurotoriecler
923 3199 1081 3260 stooinzon
1107 3204 1209 3260 munes
1232 3199 1359 3262 Wieoem
1379 3205 1426 3262 uic

100 3319 164 3374 uos,
185 3301 212 3361 si
233 3318 346 3360 memor
373 3300 482 3361 inisset
512 3300 687 3361 adulescens
720 3302 851 3363 eruditus
879 3303 1034 3363 titulorum
1056 3302 1180 3364 duorum
1201 3304 1427 3365 notissimorum

102 3401 328 3465 Orellienorum
360 3424 389 3463 ιι.
412 3405 494 3464 ecto
518 3403 748 3481 proo(urutoric)
773 3423 828 3480 pro
855 3404 978 3482 lap(oto)
1000 3405 1196 3482 prouiocfioo)
1224 3405 1428 3466 Mauretanias

103 3507 275 3584 Tinpitouoe
301 3513 331 3564 et
355 3527 385 3565 ιι.
403 3505 462 3566 732
485 3508 627 3584 proemii
649 3525 707 3584 pro
734 3507 826 3584 deputo
850 3506 1039 3584 senmurum)
1060 3507 1239 3577 Baliarium,
1268 3517 1346 3568 certe
1368 3528 1428 3569 non

102 3609 277 3688 scripsisset
296 3615 326 3666 et
346 3607 440 3668 multo
461 3610 560 3669 minus
580 3608 815 3669 demonstratum
842 3609 948 3670 ivisset
968 3629 1023 3686 pro
1038 3610 1145 3688 *legato
1166 3609 1299 3671 officium
1315 3611 1349 3670 ei
1369 3611 1428 3672 soli

102 3711 276 3790 provinciae
297 3711 470 3784 convenire,
492 3731 570 3789 qnae
590 3711 721 3789 legitimo
744 3720 823 3772 statu
846 3712 1022 3791 sublegato
1044 3721 1131 3772 esset.
1165 3713 1261 3772 Immo
1283 3713 1428 3790 quoddo

103 3813 219 3874 Tiberii
241 3821 339 3874 eetete
360 3812 464 3873 titulus
485 3813 722 3894 Interpromiuns
744 3814 854 3889 docuit,
875 3816 908 3875 id
918 3815 1110 3889 Veronensis,
1132 3815 1182 3892 qui
1205 3824 1327 3894 propter
1346 3834 1426 3876 meu·

184 4065 207 4128 1>
229 4065 338 4117 Venafri
357 4067 408 4118 vol.
422 4067 457 4118 X.
477 4085 503 4118 n.
517 4067 588 4119 4868
609 4087 643 4110 =
663 4067 743 4120 Orell.
759 4067 844 4119 3426:
865 4066 922 4119 Sea.
937 4067 1045 4120 Aulieno
1059 4067 1117 4120 Sex.
1126 4069 1153 4136 s.
1168 4069 1228 4120 Ani.
1240 4070 1368 4138 primopil.
1388 4069 1427 4133 ΙΙ,

104 4169 138 4210 tr.
152 4159 213 4223 md,
227 4159 314 4228 precs.
333 4159 396 4210 leuis
413 4166 511 4221 armet,
530 4159 613 4228 prum
627 4167 704 4212 cosm.
718 4161 777 4228 top.
791 4157 893 4212 Oueror.
904 4161 971 4228 Δις.
985 4169 1009 4212 st
1025 4159 1065 4211 Ti.
1082 4159 1327 4230 GueeorisAuqusti,
1341 4165 1428 4230 Ῑιναᾳ.

102 4252 206 4314 elucris,
220 4251 306 4320 proqs.
319 4249 404 4318 fabr,
423 4250 458 4302 11
466 4253 508 4302 oio
525 4249 631 4319 Venafri
648 4259 696 4304 cet.
735 4252 832 4306 Gestae
850 4255 902 4304 vol.
914 4255 942 4304 X
961 4270 986 4305 ιι.
1001 4251 1071 4304 6098
1092 4273 1126 4295 =
1145 4255 1251 4304 chzen
1271 4255 1356 4306 6735:

100 4346 161 4395 rius
176 4340 204 4394 0.
210 4343 236 4409 j.
250 4343 321 4395 sen.
337 4342 440 4408 Gu11u[s
450 4343 553 4412 praeis.
573 4343 635 4395 leuis
652 4353 797 4396 amaturus
814 4343 977 4414 p[roniociue
986 4345 1008 4410 l]
1028 4341 1216 4414 Hispaniensis.
1242 4345 1430 4412 Intelleguutur

101 4438 201 4503 opinor
218 4437 312 4487 milites
331 4443 406 4488 extra
424 4437 541 4488 ordinem
559 4436 588 4488 ln
600 4439 734 4502 provincis
753 4439 898 4504 conscripti,
918 4439 1005 4505 quales
1018 4439 1154 4505 aliquoties
1174 4445 1349 4490 memorentur
1361 4441 1429 4505 apud

103 4530 226 4582 Tacitum
249 4529 318 4592 (hist.
334 4530 417 4592 hdie
444 4527 566 4581 Rusticus
588 4529 647 4581 ulos
670 4527 830 4598 cohortesque
851 4537 876 4580 ot
898 4531 1008 4599 specuum
1025 4527 1161 4582 Raetorum
1178 4531 1299 4582 iuuentus.
1338 4535 1363 4594 2,
1380 4531 1428 4583 cer

101 4621 188 4683 ἀιοιιιι
205 4635 290 4672 ocum
308 4619 430 4684 column,
449 4623 556 4689 quinque
574 4621 641 4686 aloc,
663 4623 751 4690 inportu
769 4621 918 4674 Maurorum
935 4639 1057 4675 ιιιιιιιιιιιι.
1081 4623 1107 4686 3,
1122 4625 1151 4677 δι
1176 4639 1230 4674 curu
1249 4624 1294 4676 ula
1312 4623 1430 4679 Auriana

102 4719 129 4765 et
148 4719 202 4764 octo
222 4711 364 4766 cohortibus
386 4730 417 4766 uc
434 4710 588 4766 Noricomm
611 4714 753 4777 iuuentute).
790 4717 854 4768 Post
876 4717 987 4782 primum
1011 4717 1140 4768 saeculnm
1166 4717 1293 4768 eiusmodi
1316 4717 1430 4771 officium

102 4821 161 4858 non
179 4807 285 4858 memini
303 4807 455 4870 memoruri3
481 4807 551 4874 quod
569 4807 592 4858 ei
609 4808 734 4860 abolitum
753 4814 799 4870 est,
817 4809 925 4861 fortusse
944 4810 1100 4860 auxiliorum
1119 4809 1173 4860 eins
1191 4810 1294 4876 generis
1311 4810 1429 4862 condicio

103 4903 206 4950 mutata
224 4905 263 4950 est
279 4907 355 4951 aucta
372 4900 494 4950 adversus
513 4899 629 4951 subditos
647 4902 830 4966 imperatorum
849 4902 1002 4953 diffidentie.
1407 4905 1409 4910 '

183 4986 208 5052 ²)
236 4991 294 5042 Hoc
316 4999 345 5042 ut
368 4999 484 5058 apertum
508 4999 560 5054 est,
591 4993 627 5043 ite
654 4993 723 5059 quod
746 4995 833 5060 posuit
852 4983 996 5060 Zippelins:
1022 4992 1062 5044 die
1083 4991 1177 5044 Dotiue
1201 4993 1297 5045 konnen
1319 5011 1368 5045 nur
1391 4994 1431 5046 uie

103 5079 236 5150 ubid’nyiq
254 5099 303 5133 oon
321 5081 375 5134 dero
385 5083 525 5152 solqeudcu
545 5083 647 5136 (iunctio
671 5085 821 5136 commodes
838 5085 950 5148 werden,
978 5085 1026 5136 duo
1045 5085 1122 5136 loiret
1139 5084 1235 5136 Pedius
1251 5103 1307 5136 war
1325 5086 1431 5153 Pro'soot

102 5172 169 5226 ridor
186 5174 227 5226 dic
245 5173 338 5226 unser
355 5175 408 5226 uad
421 5173 566 5228 Vindelilcer
583 5179 611 5228 ιἰι
629 5177 682 5228 dem
699 5177 878 5246 posuiuieclson
894 5175 981 5239 Thule,
1004 5179 1085 5244 ipsius
1103 5178 1187 5228 verbis
1206 5179 1343 5243 odsoripsi,
1369 5195 1430 5230 nunu

103 5267 228 5334 intellego
247 5269 351 5334 quidem
366 5269 441 5334 iungi
459 5269 493 5320 ab
512 5283 570 5320 eum
588 5269 746 5336 praefectum
766 5272 839 5322 vallis
857 5271 998 5332 Poeninae,
1017 5270 1063 5321 sed
1081 5271 1144 5335 quial
1163 5272 1250 5322 itudo
1270 5271 1362 5322 ιΙιιιίιίι
1385 5273 1431 5323 liet

104 5359 279 5428 pendentibus
298 5361 320 5420 si
338 5361 388 5412 deo
407 5361 592 5428 Priscinoque
607 5363 695 5430 ¹pluunt
712 5379 728 5416 ιι
743 5364 873 5430 ¹gencs‘ro,
893 5363 1011 5430 equidem
1029 5363 1128 5429 ignoro.
