3618 5968
354 607 427 686 210
792 633 1065 686 romrmtmrr
1095 635 1175 686 vot.
1196 635 1250 686 ιιι
1562 637 1666 688 roa-oa

827 738 890 744 -——
1089 739 1125 744 —.
1286 739 1407 745 ᾖ*
1605 741 1664 748 -—

270 813 273 818 “
349 827 464 884 ριιφιαε
492 819 517 867 et
542 809 674 866 Petraitis
701 812 730 865 io
753 809 868 884 poculis
896 804 1004 868 hobeo'.
1052 809 1181 866 Vascula
1201 811 1218 867 b
1241 819 1270 867 et
1293 812 1313 867 d
1334 831 1372 866 ex
1394 809 1491 868 forma
1512 811 1610 868 eadem
1630 813 1667 868 ri-

350 909 457 968 dentur
478 911 549 968 flata
575 928 652 980 esse,
679 911 708 967 in
736 911 861 987 reliquis
888 911 1098 988 gladiatorium
1127 913 1212 987 paria
1239 914 1302 971 sive
1330 912 1390 970 alia
1417 923 1487 970 sunt
1509 913 1571 971 eire
1592 913 1669 972 aliter

350 1011 506 1089 disposita.
549 1013 584 1070 In
607 1014 623 1069 b
645 1014 718 1088 quid
741 1029 837 1073 troies
859 1015 897 1071 eit
923 1033 982 1072 non
1011 1021 1085 1072 satis
1111 1014 1277 1091 perspici0;
1303 1023 1403 1090 potest
1424 1014 1547 1092 cogitari
1569 1025 1618 1073 aut
1636 1016 1667 1072 de

353 1129 457 1174 ιιοιοε
481 1123 531 1172 aut
552 1114 589 1174 de
612 1130 729 1174 rroems
751 1116 931 1175 nominibus.
1017 1141 1019 1150 ·

354 1289 426 1348 709
450 1291 521 1366 (ins.
537 1300 607 1367 post
628 1313 656 1349 n.
676 1291 778 1367 1274).
826 1292 1012 1368 Canterbary,
1035 1293 1232 1371 fragmentum
1256 1294 1370 1351 vasculi
1394 1294 1477 1351 vitrei
1485 1315 1493 1364 ;
1517 1301 1615 1350 servat
1634 1294 1670 1350 ibi

391 1391 421 1448 7.
445 1391 565 1452 Brent.

946 1496 1080 1538 ...mvs

946 1599 1082 1650 qaadrtoa

348 1736 380 1795 J.
403 1737 514 1796 Brent
530 1739 717 1814 proceedirrqe
740 1741 774 1815 os
791 1739 835 1797 tie
856 1757 913 1796 roc.
930 1741 964 1814 os
981 1742 1159 1815 antiquarios
1183 1758 1239 1797 ser.
1257 1739 1289 1797 11
1311 1739 1367 1798 vol.
1387 1740 1404 1798 6
1428 1739 1537 1817 (1875)
1561 1760 1590 1817 p.
1607 1739 1671 1798 377.

348 1839 424 1898 Erat
446 1839 578 1898 eiusdem
602 1840 720 1916 generis
744 1851 776 1898 ut
797 1862 827 1898 n.
844 1839 914 1898 648.

350 2013 415 2075 710
439 2017 510 2093 (ins.
533 2025 601 2094 post
622 2037 650 2076 ιι.
670 2015 799 2092 latta).
845 2016 1009 2075 vasculum
1032 2019 1158 2076 vitreum
1181 2037 1241 2094 rep.
1267 2021 1296 2076 in
1319 2019 1472 2095 Neu-bury,
1495 2018 1599 2076 Berlm.

950 2171 965 2212 s
982 2185 988 2198 ·
1005 2171 1020 2212 r
1037 2186 1043 2199 ·
1060 2171 1075 2213 s

347 2291 493 2350 wttiin
515 2292 658 2352 arctata.
674 2293 773 2366 joam.
797 2290 836 2350 32
860 2292 970 2368 (1875)
994 2311 1021 2368 p.
1040 2293 1088 2351 oa.
1130 2275 1132 2284 ’

348 2465 405 2526 711
428 2468 499 2544 (ins.
522 2479 591 2546 post
611 2488 640 2526 n.
659 2467 788 2544 tttoa).
837 2433 1001 2526 Vasoulum
1029 2469 1153 2528 vitreum
1175 2489 1237 2546 rep.
1254 2489 1280 2527 a.
1300 2468 1378 2528 1869
1399 2469 1429 2526 in
1444 2468 1565 2527 Bertill
1585 2485 1675 2544 prope

347 2568 570 2646 Sittinqbourne,
593 2571 677 2630 Keat.

947 2673 953 2712 ι
966 2672 983 2712 e
995 2669 1017 2714 0
1030 2672 1050 2713 Ν
1064 2673 1072 2712 ι

347 2811 512 2890 Antiquory
538 2814 613 2890 Apr.
636 2814 664 2884 6,
690 2812 767 2871 1878
795 2812 876 2886 (inde
908 2814 1047 2872 Watlrin
1074 2814 1216 2872 archaeol.
1240 2816 1340 2888 journ.
1369 2811 1423 2884 32,
1452 2813 1530 2872 1875
1563 2831 1593 2888 p.
1615 2809 1675 2886 68).

345 2913 491 2973 Fortasse
513 2916 626 2974 mutila.

347 3090 410 3149 712
433 3091 503 3165 (ins.
527 3101 596 3167 post
617 3111 646 3150 ιι.
666 3090 768 3168 1288).
805 3091 841 3150 In
867 3109 939 3168 agro
969 3092 1097 3166 quodam
1118 3092 1195 3150 inter
1216 3091 1305 3150 (ἔνιαι
1318 3091 1466 3149 Horwood
1479 3099 1509 3148 et
1525 3090 1676 3156 Winelew,

385 3193 660 3269 Bookinqhamehire
686 3213 747 3272 rep.
772 3205 842 3252 sunt
868 3215 894 3252 a.
925 3195 1001 3252 1873
1036 3213 1101 3252 eum
1133 3213 1206 3252 vaso
1239 3203 1380 3272 argenteo
1413 3194 1587 3252 cochlearia
1621 3191 1678 3250 duo

386 3305 527 3372 argentea
553 3295 725 3371 (servantur
752 3298 853 3354 omnia
875 3297 915 3354 ibi
945 3297 975 3355 in
1002 3315 1105 3354 museo
1129 3297 1259 3372 urbico),
1290 3315 1414 3373 quorum
1438 3296 1524 3353 alteri
1550 3295 1678 3369 inscrip-

385 3405 447 3455 tum
470 3407 516 3456 est

848 3499 1034 3541 VENERIA·
1059 3499 1165 3542 vives

344 3636 413 3698 Gar.
435 3637 611 3700 Lowndes
629 3643 819 3717 proceedinqe
847 3643 881 3714 os
903 3642 946 3699 tie
969 3659 1025 3698 soe.
1051 3644 1083 3714 os
1102 3643 1280 3715 antiquariae
1308 3659 1365 3698 ser.
1382 3639 1412 3697 II
1435 3640 1531 3698 1016
1566 3637 1677 3714 (1873)

342 3761 371 3817 p.
389 3739 437 3799 81.

345 3898 407 3957 713
430 3899 501 3975 (ins.
524 3914 593 3976 post
614 3921 642 3958 ιι.
662 3901 765 3976 1291).
810 3901 845 3959 In
874 3913 975 3977 patera
1001 3919 1095 3958 aenea
1125 3919 1190 3957 cum
1219 3900 1375 3958 manubrio
1401 3919 1463 3975 rep.
1487 3919 1514 3956 a.
1543 3898 1626 3956 1878
1649 3898 1678 3954 in
1795 3931 1796 3968 3

383 4000 505 4075 Maiton,
535 4003 689 4061 Yorlcshire
711 4005 750 4062 N.
773 4004 824 4074 R.;
851 4010 952 4062 servat
975 4001 1056 4061 Guil.
1082 4000 1291 4061 Greenwell
1316 4001 1465 4060 Dunelmi.
1511 4001 1550 4061 In
1575 4021 1679 4058 manu·
1795 4019 1796 4078 ἦ

381 4103 438 4162 brii
460 4111 544 4180 parte
561 4106 719 4183 'superiore
741 4107 918 4182 impressum
942 4114 989 4163 est

887 4257 1073 4302 Atetcvs
1105 4259 1121 4300 e

380 4379 416 4436 In
438 4377 570 4438 eiusdem
592 4389 676 4456 parte
700 4380 839 4439 inferiore
861 4382 980 4457 punctis
1003 4389 1032 4439 et
1054 4379 1164 4439 circulo
1187 4381 1305 4456 quidem
1329 4380 1471 4456 scriptum
1494 4388 1545 4438 est

536 4611 549 4635 ⁸
593 4625 604 4654 ο
653 4618 665 4644 0
709 4632 721 4656 ο
753 4608 786 4680 :⁸
808 4619 1006 4700 ..οιξξιΰζ
1030 4641 1120 4677 ..ομ
1162 4601 1303 4680 nana:
1352 4598 1440 4665 ...1σο
1474 4643 1517 4669 ι..
1543 4648 1575 4671 .,
1609 4636 1623 4663 0

395 4739 476 4805 ...ι
526 4735 704 4824 agrafi·
752 4753 764 4809 ι
829 4734 913 4796 ···.·
955 4726 1008 4780 ···

335 5003 496 5065 Graenvell
519 5006 601 5064 misit
622 5005 798 5063 delineatam
821 5013 967 5077 accurate,
991 5022 1138 5062 unacum
1162 5005 1292 5081 imagine
1314 5004 1535 5083 photographa.

374 5109 432 5168 Est
453 5107 596 5167 fortasse:
629 5124 644 5165 1.
662 5123 789 5166 servem
811 5123 868 5179 (χι
890 5124 983 5166 svrer
999 5113 1087 5182 {eret
1134 5105 1213 5167 Sane
1236 5117 1296 5164 tum
1321 5108 1510 5166 statuendum
1529 5110 1595 5168 erit
1611 5127 1680 5168 eum

333 5211 384 5286 qui
406 5211 480 5269 haee
501 5210 629 5270 caelavit
648 5211 725 5269 male
748 5210 872 5270 iterasse
886 5227 1050 5287 cognomen
1072 5207 1190 5285 Superi.
1229 5208 1366 5268 Ceterum
1390 5219 1494 5288 patera
1519 5211 1561 5270 ad
1588 5231 1678 5270 usum

332 5329 449 5371 sacrum
472 5313 567 5392 magia
590 5331 679 5390 quam
701 5313 857 5389 profanum
881 5312 996 5373 videtur
1018 5311 1112 5370 tuisse
1135 5311 1291 5372 destinata.
