3618 5968
492 676 792 732 oasuavamouns
818 675 1102 730 urroansnronn.
1386 653 1457 724 241

137 852 175 911 ad
199 871 333 910 normam
355 853 537 928 legionariae
563 851 711 911 formavit.
749 849 808 910 Sed
822 851 858 909 de
873 850 1015 909 centuriis
1033 849 1290 925 praetorianorum
1306 848 1463 924 quominus

135 965 218 1014 certa
245 956 359 1014 ratione
385 955 560 1026 iudicemus,
587 955 688 1013 obstat
713 953 795 1029 quod
821 953 919 1011 adhuc
942 953 1106 1030 ignoratur,
1131 959 1204 1028 quot
1224 951 1412 1010 centuriones
1434 949 1466 1006 in

136 1059 263 1135 singulis
297 1057 469 1116 cohortibus
500 1057 619 1114 fuerint.
674 1057 823 1114 Auctores
852 1063 882 1114 et
908 1054 1025 1131 tituli¹)
1057 1063 1170 1126 tacent3
1214 1053 1358 1112 latercula
1388 1071 1465 1129 quae

134 1170 240 1219 extant
254 1161 380 1218 militum
403 1159 655 1236 praetorianorum
678 1159 734 1217 etsi
756 1159 905 1216 centurias
927 1167 1050 1236 ponunt,
1072 1159 1173 1216 omnia
1193 1158 1236 1216 ita
1258 1156 1363 1215 mutila
1385 1161 1464 1226 sunt,

137 1271 169 1321 ut
182 1265 241 1321 hoc
256 1282 346 1321 unurn
362 1283 400 1321 ex
411 1262 562 1320 laterculis
579 1259 614 1320 G.
628 1260 682 1331 VI,
700 1259 779 1319 2375
796 1270 825 1318 et
841 1260 942 1320 23790
963 1260 1105 1319 efficiatur
1125 1260 1157 1318 in
1179 1260 1301 1318 cohorte
1316 1258 1466 1334 praetoria

137 1387 197 1425 non
220 1367 316 1424 minus
338 1365 468 1440 quinque
490 1365 639 1423 centurias
662 1363 764 1434 luisse,
787 1363 839 1421 sed
857 1364 882 1421 is
899 1381 1036 1422 numerus
1058 1371 1157 1422 utrum
1176 1361 1281 1438 plenus
1304 1361 1344 1419 sit
1361 1379 1464 1432 necne,

135 1489 241 1546 parum
264 1476 391 1526 constat.
435 1465 540 1542 Neque
567 1485 642 1542 quac
669 1465 777 1524 traditu
806 1484 866 1523 non
892 1466 1035 1525 habemus
1062 1467 1111 1524 hic
1137 1464 1357 1541 comparatione
1384 1470 1466 1521 certa

136 1570 278 1647 supplere
303 1571 385 1640 licet3
416 1587 484 1626 nam
513 1587 551 1626 ex
578 1568 701 1643 reliquis
733 1567 905 1626 cohortibus
930 1568 1076 1641 miliariis,
1103 1588 1179 1645 quae
1202 1567 1285 1626 solae
1308 1575 1376 1643 apte
1398 1584 1465 1624 cum

135 1672 293 1748 praetoriis
316 1680 542 1748 componuntur,
565 1670 747 1746 legionariae
768 1669 882 1745 primae
903 1670 994 1730 denas
1018 1671 1165 1730 centurias
1188 1671 1299 1729 habent
1320 1671 1376 1728 sub
1397 1688 1466 1727 cen-

133 1776 301 1834 turionibus
335 1772 444 1849 quinis,
478 1773 600 1850 vigilum
634 1781 773 1849 septenas
807 1773 862 1830 sub
896 1773 1037 1850 septenis,
1071 1773 1248 1832 auxiliariae
1282 1772 1374 1831 denas
1408 1771 1464 1828 sub

136 1877 236 1948 denis,
258 1888 290 1934 ut
304 1885 414 1934 certam
429 1875 561 1951 regulam
577 1875 608 1932 in
624 1879 660 1933 ea
675 1893 705 1932 re
722 1875 910 1934 observatam
932 1893 999 1934 esse
1023 1877 1190 1953 negandum
1205 1876 1253 1935 sit.
1290 1872 1369 1934 Sene
1384 1874 1467 1950 quod

135 1981 226 2038 hodie
248 1987 398 2054 receptum
421 1986 467 2035 est
489 1977 518 2034 in
542 1977 670 2055 singulis
693 1978 864 2037 cohortibus
886 1979 1046 2054 praetoriis
1069 1988 1100 2037 ut
1129 1980 1160 2038 in
1183 1978 1349 2038 auxiliariis
1370 1977 1465 2036 milia·

134 2082 188 2141 riis
212 2081 303 2140 denas
326 2081 475 2140 centurias
497 2081 592 2139 fuisse
614 2099 666 2155 per
689 2098 721 2138 se
742 2099 813 2140 vero
836 2081 935 2140 simile
956 2094 1011 2141 est.

220 2183 270 2242 Ad
291 2183 415 2260 gradum
438 2183 640 2258 vocabuloque
662 2183 866 2240 centurionum
886 2184 1144 2261 praetorianorum
1171 2184 1221 2242 ubi
1240 2201 1295 2243 nos
1323 2181 1466 2242 converti·

133 2305 215 2359 mus,
239 2287 325 2363 primi
346 2285 398 2362 pili
418 2285 514 2343 instar
533 2294 581 2343 est
601 2301 714 2344 ruruvs
737 2300 822 2344 orno
845 2300 1031 2345 concurrum
1052 2301 1297 2346 rasurournnvu
1315 2291 1404 2346 notus
1427 2303 1466 2343 ex

134 2390 227 2448 unico
250 2387 335 2446 titulo
357 2387 425 2446 hoc:

180 2493 230 2549 74.
273 2488 307 2548 L.
331 2489 459 2549 Ovinius
482 2489 516 2548 L.
539 2491 560 2548 f.
584 2489 652 2548 Ter.
675 2490 771 2550 Rufus
793 2469 900 2569 prim.
921 2472 1013 2544 ordo
1033 2470 1239 2544 cohortium
1254 2479 1371 2570 praet.
1390 2467 1466 2543 divi

292 2571 466 2672 Augusti,
502 2597 587 2668 prim.
611 2593 663 2668 pn.
685 2592 743 2670 reg.
767 2593 864 2651 xnn
887 2613 978 2672 gem,
1005 2594 1072 2654 trie.
1101 2595 1161 2652 mn.
1184 2595 1296 2653 conoe.
1318 2593 1364 2652 ιιι
1387 2593 1466 2664 ura,

292 2695 359 2752 trib.
382 2695 444 2752 mil.
466 2697 532 2754 coh.
555 2694 602 2752 III
625 2707 717 2772 praet.
735 2727 772 2738 -
789 2699 906 2760 Venafri,
932 2699 1023 2749 astans
1047 2699 1211 2751 Tiberianae.
1245 2700 1268 2750 1.
1288 2697 1319 2750 R.
1339 2698 1373 2750 N.
1394 2695 1464 2748 4641

293 2818 327 2840 =
342 2800 447 2849 Henzen
467 2799 569 2850 6776α.

136 2891 199 2953 Sed
235 2897 266 2947 ut
297 2889 367 2947 hinc
399 2897 514 2948 constat
540 2891 679 2967 Augusto
712 2891 876 2966 imperante
908 2891 1022 2968 primae
1054 2892 1184 2951 cohortis
1219 2892 1385 2966 praetoriae
1407 2890 1466 2967 pri·

139 3012 221 3052 mum
246 2993 448 3051 centurionem
472 3011 538 3050 eum
559 2993 622 3052 fere
643 2993 740 3050 locum
764 2993 794 3050 in
817 2994 967 3068 praetorio
988 2995 1130 3066 tenuisse,
1152 3013 1240 3070 quem
1262 2997 1376 3070 primns
1391 2993 1469 3069 pilus

134 3098 167 3155 in
189 3095 308 3170 legione
330 3103 420 3165 tenet,
446 3094 488 3152 ita
508 3094 560 3152 vix
582 3095 739 3170 probabile
754 3104 799 3152 est
820 3094 851 3152 id
873 3094 1013 3172 deinceps
1035 3114 1154 3172 quoque
1176 3095 1350 3154 obtinuisse.
1388 3094 1467 3154 Nam

138 3198 255 3274 primus
277 3195 350 3254 ordo
373 3196 423 3254 ille
445 3197 469 3254 si
493 3196 663 3268 mansisset,
689 3197 741 3254 vix
764 3196 800 3256 de
825 3216 861 3255 eo
888 3208 917 3254 et
944 3205 1081 3256 auctores
1108 3198 1229 3257 silerent
1252 3207 1282 3257 et
1306 3197 1469 3276 praetoria·

136 3319 244 3358 norum
267 3299 346 3357 tituli
375 3298 427 3356 illa
448 3307 544 3358 aetate
572 3299 642 3370 rari,
669 3307 777 3376 postea
804 3298 964 3358 admodum
992 3300 1116 3378 copiosi.
1163 3299 1270 3376 Neque
1295 3299 1468 3359 incredibile

138 3411 263 3481 propter
285 3403 382 3476 ipsam
404 3402 659 3477 praetorianorum
676 3401 803 3460 militum
825 3401 1023 3478 periculosam
1039 3403 1202 3480 potentiam
1223 3410 1330 3480 postea
1351 3403 1468 3461 institu-

140 3515 201 3563 tum
226 3522 301 3576 esse,
330 3503 463 3562 centurio
488 3503 601 3580 primus
624 3505 737 3581 primae
760 3503 889 3562 cohortis
910 3523 948 3562 ne
969 3524 1040 3582 prae
1063 3505 1168 3564 ceteris
1191 3505 1295 3580 primis
1317 3506 1467 3564 emineret.

139 3606 328 3682 Intellegitur
350 3615 447 3664 autem
470 3627 508 3664 ex
531 3606 633 3666 eodem
656 3605 743 3665 titulo
766 3607 893 3680 primum
916 3606 1050 3665 ordinem
1078 3608 1162 3666 illurn
1187 3608 1253 3666 iure
1284 3606 1379 3683 primo
1404 3605 1467 3683 pilo

140 3709 268 3785 legionis
290 3708 495 3785 posthabitum
518 3727 585 3768 essa
607 3719 636 3768 et
657 3709 710 3767 illo
732 3708 864 3766 functum
886 3708 925 3765 ad
946 3709 1024 3768 huno
1045 3711 1213 3788 promoveri
1234 3709 1378 3786 potuisse.

221 3811 272 3870 Er
304 3812 528 3870 centurionibus
554 3811 751 3889 praetorianis
779 3810 847 3870 item
873 3811 930 3870 fuit
950 3828 1101 3872 rumores
1126 3826 1327 3884 cnsrnonvu,
1350 3811 1401 3887 qni
1423 3810 1468 3868 in·

141 3915 239 3973 notuit
260 3933 299 3972 ex
322 3913 416 3972 titulis
438 3914 487 3972 his
509 3915 588 3973 tertii
611 3914 722 3973 saeculi
745 3914 898 3973 omnibus:

187 4017 232 4075 75.
278 4015 317 4074 Μ.
334 4015 443 4075 Tillius
464 4016 505 4074 M.
527 4017 549 4074 f.
572 4015 641 4075 Ter.
661 4017 759 4076 Rufus
780 4015 798 4073 7
819 4016 875 4093 leg.
895 4017 956 4075 XX
975 4017 1041 4078 Val.
1065 4019 1133 4078 vict.
1155 4037 1194 4076 ex
1213 4015 1293 4078 CCC
1315 4016 1380 4075 coh.
1402 4015 1468 4074 1111

291 4139 336 4195 pr.
364 4137 393 4194 p.
423 4137 463 4191 v.,
491 4097 661 4198 princeps
683 4107 853 4190 castron,
881 4118 899 4176 7
925 4120 988 4178 coh.
1014 4121 1081 4182 XII
1107 4122 1170 4180 urb.
1193 4128 1224 4179 et
1244 4121 1260 4179 I
1281 4121 1356 4196 vig„
1384 4137 1466 4177 evoc.

293 4222 392 4298 Augg.
411 4253 448 4263 -
465 4223 569 4286 Atinas,
590 4226 650 4274 anni
670 4227 732 4274 208.
770 4225 792 4274 Ι.
806 4225 837 4274 R.
851 4225 884 4275 N.
905 4225 975 4276 4551
987 4224 1110 4276 =0rell.
1131 4226 1211 4276 3457.

185 4324 233 4382 76.
277 4322 397 4381 Valerei
415 4366 446 4381 ..
468 4367 475 4381 .
497 4331 527 4381 et
549 4321 726 4382 Dalmateus
748 4303 864 4404 princ.
884 4303 943 4378 kk.
963 4349 1014 4360 -
1031 4327 1129 4378 Romae
1149 4328 1175 4377 in
1194 4327 1249 4377 basi
1274 4325 1393 4376 dedicata
1414 4324 1465 4374 tor-

292 4435 360 4477 tasse
380 4427 485 4478 Carino.
517 4428 547 4478 C.
567 4427 615 4490 v1,
631 4428 693 4477 216.

182 4517 230 4576 77.
273 4516 291 4574 7
306 4518 416 4576 Iuliani
435 4523 490 4598 pl'·
506 4517 537 4575 in
556 4517 621 4576 coh.
638 4518 669 4576 II
682 4518 833 4596 praetoria
851 4523 998 4572 nominatur
1017 4522 1043 4572 in
1062 4537 1168 4572 recensu
1186 4521 1415 4586 praetorianorum.
1431 4542 1465 4554 -

291 4621 405 4685 Romae;
426 4637 448 4672 a.
470 4624 531 4673 227.
565 4624 594 4672 C.
617 4625 664 4684 VI,
680 4624 760 4674 2799.

181 4713 230 4772 78.
277 4712 318 4788 [7]
340 4713 436 4772 Primi
457 4719 513 4793 pl·
533 4713 564 4771 in
591 4714 712 4773 cohorte
741 4712 841 4789 aliqua
863 4717 1010 4767 nominatur
1028 4716 1054 4765 in
1075 4730 1179 4767 recensu
1198 4716 1307 4767 tortasse
1325 4716 1465 4780 praetoris-

292 4817 561 4868 norum.-Romae.
594 4817 624 4867 C.
642 4818 689 4880 VI,
706 4819 785 4868 2415.

137 4907 214 4967 Eum
242 4908 405 4986 aliquando
433 4907 482 4984 (C.
499 4908 548 4966 Ill
563 4907 601 4966 ad
617 4929 645 4966 n.
659 4907 734 4984 830)
760 4909 872 4968 credidi
899 4928 957 4968 non
985 4909 1103 4968 differre
1131 4928 1149 4967 a
1169 4908 1303 4988 principe
1324 4909 1465 4985 praetorii

215 5181 238 5242 ¹)
257 5181 412 5247 Msrquardt
425 5179 669 5248 Stactaccrwaltnuq
683 5184 708 5244 2,
723 5183 785 5233 462.
822 5183 935 5247 Longius
954 5182 1013 5231 hist.
1029 5189 1091 5232 mut.
1110 5183 1147 5231 rei
1166 5183 1219 5231 mil.
1238 5198 1262 5246 p.
1278 5183 1311 5233 61
1332 5182 1466 5247 septimam

140 5274 279 5324 centuriam
300 5274 414 5325 cohortis
435 5276 578 5340 praetoriae
602 5275 638 5324 ait
660 5276 767 5340 reperiri
790 5274 817 5324 in
843 5275 917 5324 titulo
937 5274 1061 5325 Patauino
1082 5275 1111 5324 C.
1124 5275 1156 5336 V,
1172 5274 1255 5338 2832;
1280 5273 1325 5324 sed
1349 5274 1385 5323 ibi
1410 5275 1463 5324 iam

138 5366 267 5417 restitutus
286 5375 325 5419 est
343 5382 410 5434 spec.
430 5383 482 5418 cor.
498 5382 573 5435 prae.
592 5367 693 5418 sublata
711 5367 779 5419 falsa
795 5368 907 5418 lectione
925 5381 977 5435 sep.

219 5455 263 5516 IV
1224 5453 1261 5516 16
