3654 5990
568 647 936 714 varnasnoavnova.
1343 633 1414 706 509

96 827 240 885 interioris
262 825 452 904 neglegenter
474 826 602 902 scriptae
625 833 655 884 et
674 833 834 903 propterea
853 825 932 885 lectu
954 824 1096 884 difficilis.
1132 821 1335 884 Nihilominus
1350 844 1415 884 curn

98 927 205 987 litterae
226 928 372 1005 quaedam
394 927 532 987 effractae
559 927 607 986 vel
635 927 674 986 ob
701 929 777 986 aliae
803 945 909 986 causae
934 927 1042 987 dubiae
1064 927 1236 1006 scrupulum
1259 927 1331 986 mibi
1353 947 1416 986 mo-

98 1031 214 1104 vissent,
239 1030 332 1088 oculis
354 1031 430 1089 meis
453 1031 593 1090 tabellam
616 1041 649 1087 ut
670 1030 819 1108 inspicere
840 1029 941 1088 liceret
961 1029 1135 1090 Berolinum
1156 1031 1376 1102 transmissam,
1398 1051 1417 1089 a

97 1133 184 1190 musei
204 1131 354 1210 praelecto
376 1132 538 1192 Francisco
554 1132 692 1210 Pulszlry
710 1133 824 1208 optimo
840 1133 937 1190 amico
951 1133 1099 1192 ethorum
1115 1132 1280 1191 studiorum
1295 1134 1414 1210 egregio

96 1242 214 1310 patrono
236 1233 403 1312 impetravi.
439 1236 551 1294 Iterum
575 1234 654 1293 edidi
676 1252 732 1311 ego
753 1233 876 1292 adiectis
898 1235 1008 1294 tabulis
1026 1243 1147 1294 curante
1164 1233 1276 1294 Ottone
1290 1234 1415 1294 Hirsch-

95 1336 151 1394 feld
172 1336 396 1414 diligentissime
413 1335 497 1414 ligno
513 1336 666 1414 expressis
681 1336 761 1413 apud
776 1335 987 1395 Benndorfium
1003 1343 1034 1396 et
1047 1335 1281 1396 Hirsebleldium
1297 1337 1414 1395 aroldo·

98 1439 429 1517 topices-appropietis
443 1439 660 1517 Mittlreilunpen
674 1457 727 1498 aaa
747 1437 918 1500 Oceterrciclt
935 1437 992 1498 vul.
1007 1439 1024 1498 3
1040 1438 1152 1515 (1879)
1168 1457 1196 1514 p.
1209 1437 1227 1497 1
1240 1456 1313 1516 seq,
1336 1438 1413 1498 unde

95 1558 167 1618 quae
186 1551 351 1618 sequuntur
370 1541 498 1618 repetita
518 1549 595 1601 aunt.

135 1643 178 1703 De
203 1643 330 1702 lectione
356 1644 430 1702 haee
456 1643 643 1703 observanda
664 1650 742 1704 eunt.
766 1675 804 1687 —
828 1643 929 1704 Partis
950 1643 1100 1704 interioris
1122 1663 1150 1702 v.
1169 1645 1183 1702 l
1208 1645 1296 1703 tertia
1315 1644 1415 1704 littera

93 1763 165 1822 quae
191 1746 309 1806 videtur
333 1746 429 1805 fuisse
454 1765 475 1805 Α
493 1765 561 1807 ‚uon
587 1746 661 1806 satis
688 1755 770 1806 certa
796 1755 850 1806 est.
875 1779 914 1792 -
937 1747 955 1806 3
978 1765 1033 1822 pro
1054 1763 1070 1804 r
1092 1745 1269 1824 Hampelius
1292 1746 1364 1824 legit
1384 1763 1414 1819 u,

92 1865 150 1907 non
170 1857 258 1908 recte.
282 1881 321 1894 -
346 1849 380 1907 ll
405 1863 446 1906 Ατ
469 1849 568 1926 potius
588 1857 636 1909 est
653 1866 743 1924 quam
762 1848 842 1924 quod
860 1847 942 1910 dedit
960 1847 1089 1924 Hampel
1108 1863 1155 1907 τΑ.
1177 1881 1215 1892 -
1238 1848 1340 1908 Partis
1362 1868 1415 1908 ex·

94 1949 205 2010 terioris
226 1951 289 2010 ml
312 1957 380 2009 ante
402 1965 538 2011 ruovrnc
559 1951 640 2026 quod
661 1959 795 2010 remanet
817 1951 956 2029 exiguum
979 1950 1116 2009 elementi
1137 1950 1294 2028 vestigium
1314 1969 1370 2028 pro
1390 1967 1412 2008 n

92 2053 130 2110 ab
153 2052 312 2132 Hampelio
339 2063 493 2130 acceptum
519 2071 579 2112 non
604 2053 702 2112 minus
729 2061 809 2112 recte
837 2053 919 2124 adr,
945 2069 975 2126 u,
1001 2070 1033 2124 Α,
1060 2069 1085 2110 m
1112 2061 1167 2112 eet.
1192 2051 1346 2112 referetur.
1371 2085 1413 2096 -

92 2155 112 2214 8
136 2153 229 2232 prima
254 2155 353 2215 littera
378 2156 473 2214 fracta
498 2174 568 2214 num
595 2171 612 2214 ι
637 2155 728 2214 inerit
753 2173 789 2214 an
812 2171 837 2214 m
859 2155 907 2214 vel
928 2171 949 2226 1,
976 2153 1158 2229 aliquamdiu
1183 2153 1291 2214 dubius
1319 2155 1414 2228 haesi,

92 2255 143 2316 sed
163 2275 230 2316 aere
252 2257 410 2335 diligenter
430 2258 620 2316 considerato
643 2255 795 2333 Hampelii
819 2257 977 2316 lectionem
1000 2257 1120 2315 omuino
1142 2257 1324 2334 probandam
1347 2273 1414 2316 esse

90 2366 123 2415 et
144 2377 197 2437 ego
223 2359 360 2420 intellexi
386 2369 415 2418 ct
440 2359 652 2420 intellexerunt
677 2378 745 2418 aere
767 2360 903 2435 inspecto
925 2359 982 2417 viri
1003 2359 1090 2436 periti
1112 2359 1173 2418 alii.
1197 2391 1235 2402 -
1259 2359 1294 2418 In
1316 2360 1414 2418 redin-

90 2461 252 2536 tegratione
273 2463 438 2540 spatiorum
460 2463 614 2522 rationem·
627 2463 669 2520 ita
691 2460 793 2532 habui,
816 2469 849 2520 ut
869 2469 992 2539 propter
1013 2462 1188 2539 compendia
1209 2462 1367 2521 arbitraria
1381 2462 1412 2520 in

88 2563 147 2620 hoc
165 2579 272 2639 genere
292 2565 457 2642 scripturae
477 2565 508 2623 iu
530 2573 614 2640 parte
634 2547 775 2622 interiore
796 2564 934 2641 vulgaria
959 2563 1001 2622 ibi
1027 2581 1158 2640 quoque,
1185 2563 1235 2622 ubi
1257 2563 1412 2623 vocabulis

88 2664 177 2723 solito
202 2685 285 2724 more
310 2667 485 2744 perscriptis
514 2667 643 2743 spatium
669 2665 785 2738 deerat,
816 2674 973 2725 consuetas
1003 2666 1149 2725 formulas
1175 2664 1330 2726 retinerem
1358 2685 1412 2724 ex·

87 2774 175 2842 cepto
197 2786 257 2826 uno
279 2769 347 2827 loco
368 2769 421 2828 int.
438 2769 466 2842 6,
489 2769 539 2827 ubi
560 2787 627 2828 cum
649 2768 817 2846 requiratur
839 2768 900 2844 [nis
919 2780 1102 2827 euvamvsve
1118 2784 1252 2828 musalms
1267 2767 1411 2843 nrnrss]1s

87 2883 233 2927 moneare
248 2884 387 2944 lassaron,
410 2870 549 2930 deficiant
569 2878 666 2929 autem
688 2870 806 2930 litterae
828 2870 1031 2930 tantummodo
1052 2871 1121 2948 plus
1143 2871 1241 2930 minus
1261 2869 1411 2943 tredecim,

86 2985 270 3030 euvrravsva
292 2973 470 3032 vocabulum
485 2973 581 3031 omisi.
605 3005 643 3016 -
666 2971 751 3030 Extr.
771 2972 808 3030 10
823 2991 877 3048 pro
891 2973 1014 3032 cohortis
1029 2972 1132 3032 eodem
1147 2973 1211 3034 iure
1225 2974 1296 3050 poni
1311 2981 1412 3051 potest

86 3072 255 3144 sinaitam
280 3076 315 3132 11
340 3073 514 3150 [dec]nrioaa
534 3091 589 3152 pro
612 3077 779 3133 conterinus.

130 3173 272 3234 Consulis
297 3175 419 3235 alterius
445 3195 552 3236 nomen
579 3174 658 3252 quod
684 3176 827 3234 remansit
853 3175 969 3234 Aetnilii
993 3175 1092 3236 Seueri
1121 3174 1291 3236 Cantabriae·
1322 3177 1410 3254 plane

82 3279 218 3354 ignotum
234 3287 289 3350 est,
312 3287 346 3336 ut
365 3298 402 3338 ue
424 3279 554 3338 familiae
575 3279 694 3354 quidem
716 3278 779 3338 ulla
800 3279 943 3336 memoria
962 3286 1118 3356 praeterea
1139 3287 1244 3339 extare
1265 3278 1409 3341 videatur.

87 3377 264 3439 Cantabrina’
289 3399 454 3459 cognomen
485 3382 560 3440 adeo
591 3399 668 3439 nunc
697 3380 824 3457 primum
854 3379 962 3456 opinor
990 3381 1150 3440 innotescit
1177 3381 1411 3459 componendum

80 3482 116 3540 id
138 3500 205 3540 cum
228 3483 444 3561 Allobrogiciao
465 3491 495 3542 et
517 3481 659 3542 Graecim
681 3481 732 3558 (cl.
749 3480 1125 3559 0.1.L.v01.1p.178).
1168 3481 1309 3544 Seuerum
1333 3481 1411 3542 Cau-

79 3584 236 3644 tabrinum
262 3585 411 3646 consulem
439 3585 594 3645 suffectum
619 3583 715 3644 fuisse
745 3602 838 3662 paene
871 3593 982 3643 certum
1013 3593 1061 3645 est
1090 3603 1158 3644 cum
1183 3593 1307 3663 propter
1331 3584 1410 3644 diem

80 3685 180 3764 (Aug.
199 3687 261 3764 ll),
282 3697 343 3746 tum
366 3687 446 3764 quod
466 3687 545 3746 inter
566 3685 744 3759 ordinarios,
766 3695 801 3744 ut
821 3685 1036 3746 Cantabrinum
1059 3689 1189 3760 mittam,
1217 3707 1255 3746 ne
1282 3685 1410 3748 Severus

79 3789 206 3866 quidem
228 3790 307 3849 ullus
328 3789 483 3867 reperitur,
506 3789 542 3850 de
563 3808 622 3866 quo
643 3797 723 3848 recte
740 3790 915 3867 cogitemus.
952 3789 1058 3866 Itaque
1072 3789 1226 3868 probabile
1247 3798 1294 3849 est
1314 3789 1411 3867 legem

78 3899 154 3949 ante
177 3910 203 3951 a.
220 3889 279 3948 247
302 3892 402 3950 datam
424 3909 505 3963 esse3
528 3911 596 3951 uam
618 3898 698 3950 certe
719 3891 756 3949 ab
778 3911 814 3951 eo
837 3899 969 3968 tempore
989 3892 1059 3952 iude
1081 3893 1111 3951 in
1133 3892 1248 3969 legibus
1268 3892 1317 3950 his
1338 3892 1408 3950 anui

77 3994 121 4050 ab
150 3993 309 4052 ordinariis
337 4004 544 4071 nuncupantur
569 3994 610 4069 (v.
639 3991 818 4053 Stactareclt
835 3992 868 4050 2²
890 4013 918 4070 p.
939 3993 1003 4068 88).
1034 4025 1075 4038 -
1106 3992 1182 4053 Cum
1211 4013 1249 4053 ex
1274 3995 1409 4070 reliquiis

75 4095 162 4170 legis
184 4113 260 4170 quas
280 4096 423 4154 habemus
445 4096 481 4154 de
504 4113 582 4154 anuo
603 4115 664 4155 non
685 4104 808 4169 constet,
830 4115 867 4154 ne
882 4096 938 4153 hoc
952 4096 1070 4172 quidem
1093 4097 1284 4156 determinari
1301 4105 1410 4174 potest,

74 4197 171 4256 cuius
192 4197 378 4274 imperatoris
400 4215 561 4273 quorumve
581 4197 792 4275 imperatorum
818 4197 940 4256 nomina
961 4198 1148 4275 praescripta
1168 4198 1286 4258 fuerint.
1330 4196 1409 4258 Sane

74 4300 136 4359 lex
152 4306 233 4358 anta
260 4298 481 4358 Diocletianum
509 4299 621 4375 scripta
648 4306 706 4370 cet,
736 4318 801 4358 cum
827 4299 857 4357 in
884 4318 919 4358 eo
946 4299 1127 4377 collegisque
1151 4300 1310 4378 privilegia
1336 4300 1410 4360 haec

73 4403 227 4460 deliciunt
256 4401 371 4460 ratione
402 4401 525 4460 militiae
556 4401 696 4460 universa
726 4400 892 4460 immutata.
941 4398 1001 4461 Sed
1030 4402 1140 4461 adsunt
1164 4402 1275 4462 indicia
1302 4403 1409 4461 aetatis

74 4505 146 4563 alia
174 4502 277 4580 paullo
302 4503 439 4562 certiora.
482 4502 704 4563 Barbarismum
731 4521 786 4580 qne
809 4521 864 4581 pro
890 4521 964 4579 quae
983 4503 1040 4575 III,
1062 4502 1100 4562 15
1121 4505 1152 4562 in
1173 4503 1346 4582 diplomatis
1372 4505 1410 4563 ad

73 4607 221 4665 Marcum
249 4623 343 4682 usque
369 4625 428 4665 uon
454 4605 591 4682 reperiri,
620 4615 651 4665 at
678 4605 715 4664 ab
742 4624 821 4664 anno
847 4604 915 4663 inde
936 4604 995 4664 216
1022 4614 1194 4666 constanter
1219 4607 1282 4667 lere
1303 4608 1412 4668 adesse

71 4708 190 4768 monui
214 4706 312 4768 c.111
328 4728 358 4786 p.
374 4707 444 4767 919.
487 4707 514 4765 Ε
540 4708 689 4766 cornaria
715 4727 753 4766 ex
778 4707 816 4767 iis
841 4725 918 4784 quae
944 4706 981 4767 de
1007 4707 1177 4769 consulibus
1203 4710 1292 4769 modo
1318 4728 1411 4789 expo-

72 4811 132 4871 sui
161 4809 291 4869 efficitur
315 4810 411 4887 legem
439 4829 517 4869 auno
540 4807 598 4869 247
625 4809 754 4886 priorem
781 4827 856 4869 esse.
906 4809 1044 4888 Denique
1065 4829 1119 4870 cnr
1139 4811 1241 4870 tabula
1261 4831 1321 4872 uon
1343 4820 1411 4871 ante

68 4912 293 4972 Alexandrum
318 4911 431 4989 scripta
461 4929 529 4972 esse
557 4909 693 4972 videatur
718 4911 796 4970 infra
822 4913 1005 4972 monstrabo.
1053 4912 1159 4990 Itaque
1185 4915 1337 4990 probabile
1364 4921 1412 4973 eat

67 5016 185 5092 legem
207 5015 306 5074 datam
328 5031 396 5074 esse
417 5015 495 5074 inter
515 5014 721 5074 Alexandrum
744 5023 774 5074 et
794 5013 962 5091 Philippos.

122 5117 180 5175 Ex
201 5117 320 5176 nomine
341 5117 501 5188 exercitus,
522 5117 560 5175 ad
582 5135 669 5193 quem
691 5116 879 5195 privilegium
899 5117 1050 5193 pertinuit,
1072 5118 1103 5177 in
1118 5137 1186 5177 aere
1200 5137 1259 5177 non
1275 5125 1413 5196 superest

65 5220 141 5279 nisi
172 5238 243 5296 pars
265 5218 402 5278 vocabuli
426 5234 592 5292 ...euroin
618 5218 751 5296 intellegi
772 5219 958 5278 Pannoniam
981 5219 1150 5278 interiorem
1172 5220 1324 5299 colligitur
1344 5239 1411 5280 eum

64 5341 114 5381 ex
143 5322 226 5394 loco,
249 5321 325 5380 unde
347 5339 399 5381 aas
422 5322 533 5398 prodiit
554 5321 636 5399 (uam
659 5329 814 5381 veteranos
837 5321 929 5380 vitam
952 5321 1090 5400 exegisse
1111 5322 1174 5382 iere
1196 5323 1234 5384 in
1249 5323 1413 5400 provincia,

197 5422 242 5484 1v
1151 5425 1191 5486 34
