3640 5976
405 626 477 698 540
975 643 1156 697 uouusuu

403 830 507 878 notum
527 829 575 878 est
595 819 652 877 hac
671 826 749 878 certe
771 826 868 878 aetate
890 819 921 876 id
942 819 1073 878 officium
1095 839 1113 876 a
1129 839 1161 878 re
1183 819 1306 878 militari
1327 827 1451 877 eatenus
1471 819 1603 878 alienum
1628 806 1731 888 fuisse,

403 933 438 981 ut
462 923 510 981 vel
532 923 625 981 Asiae
647 921 807 997 proconsul
829 921 950 980 militari
976 922 1101 998 imperio
1127 939 1233 982 carens
1255 921 1436 997 praefectum
1459 919 1577 978 fabrum
1599 920 1663 978 sibi
1685 939 1733 976 no

403 1021 534 1100 minet¹)
556 1025 783 1100 inveniaturqne
803 1025 880 1083 adeo
902 1025 1068 1100 praefectus
1089 1030 1150 1084 iare
1171 1026 1293 1084 dicundo
1315 1033 1343 1082 ct
1361 1023 1506 1082 indicibus
1525 1018 1732 1097 aonicndffl).

404 1127 609 1186 Nihilominus
631 1127 753 1185 dubium
775 1137 830 1197 est,
851 1117 921 1185 num
943 1128 1076 1204 legitimo
1099 1145 1235 1187 sermone
1249 1127 1436 1204 praefectura
1450 1125 1568 1184 fabrum
1589 1145 1610 1184 a
1626 1125 1733 1183 militia

404 1229 518 1290 secludi
539 1230 660 1302 debeat;
683 1222 762 1288 certe
784 1229 861 1287 inter
876 1239 936 1287 tres
958 1238 1136 1306 quattuorve
1157 1229 1279 1288 militias
1301 1236 1467 1306 equestres,
1486 1247 1564 1305 quae
1579 1227 1621 1284 ad
1636 1228 1733 1285 officia

405 1333 550 1409 quaedam
576 1331 722 1409 capienda
747 1333 982 1408 requirebantur,
1009 1333 1225 1408 praefecturam
1252 1331 1369 1390 fabrum
1396 1341 1642 1390 connumeratam
1670 1347 1733 1388 esse

405 1434 614 1511 probabilitate
637 1453 696 1492 nou
718 1443 808 1492 caret.
1007 1425 1009 1430 ’
1238 1433 1256 1454 “’

463 1575 466 1582 ·
489 1537 606 1596 Deinde
627 1533 781 1596 Secundus
803 1539 833 1594 ia
855 1540 957 1595 castra
980 1538 1040 1594 diui
1054 1535 1179 1612 Aupasti
1193 1536 1344 1595 houombas
1367 1538 1516 1595 deeormm
1532 1545 1589 1595 est
1628 1535 1669 1592 ld
1689 1544 1734 1591 ant

406 1640 552 1718 significat
565 1639 643 1698 dona
663 1638 805 1698 militaria
826 1657 893 1697 eum
914 1639 1044 1714 equestri
1066 1639 1189 1698 militiae
1211 1639 1418 1698 convenientia
1438 1639 1524 1698 iussu
1540 1637 1732 1716 imperatoris

406 1763 425 1800 a
450 1743 548 1819 legato
575 1743 740 1819 accepisse,
767 1751 831 1811 aut,
856 1740 934 1817 quod
961 1741 1057 1818 magis
1084 1741 1274 1813 crediderim,
1307 1741 1500 1818 sequentibus
1526 1742 1610 1800 viam
1640 1754 1733 1818 parat,

405 1855 438 1903 nt
458 1846 586 1904 honores
607 1849 667 1903 sint
688 1845 773 1922 ipsae
794 1843 918 1902 militiae
939 1852 1100 1919 equestres.
1146 1841 1322 1919 Comparari
1344 1851 1445 1920 potest
1465 1843 1547 1920 quod
1567 1843 1687 1920 legitur
1707 1844 1732 1898 in

405 1941 491 2006 titulo
507 1941 726 2022 Corfiniensi³)
748 1946 908 2022 reliquisse
930 1963 1016 2020 quern
1038 1946 1132 2004 filium
1151 1964 1232 2003 asam
1246 1947 1416 2005 coruscabas
1431 1946 1565 2006 Caesaris
1575 1944 1732 2022 Auqastlr)

406 2053 521 2108 summis
543 2053 681 2125 equestria
703 2049 812 2106 ordinis
834 2047 987 2106 bonoribus
1009 2057 1034 2106 et
1055 2051 1113 2106 ium
1134 2052 1278 2124 superiori
1299 2051 1467 2108 destinatam
1488 2049 1593 2106 ordini.

490 2152 699 2211 Praefecturas
721 2149 878 2211 Secundus
900 2150 979 2226 cepit
999 2150 1166 2208 cohortium
1188 2150 1313 2208 duarum
1328 2152 1483 2227 Augustae
1504 2151 1625 2228 primae
1647 2159 1679 2208 et
1691 2168 1732 2208 se

406 2254 519 2314 eundae
546 2255 701 2312 classicae.
745 2252 824 2311 Illud
851 2269 956 2310 nomen
979 2253 1105 2310 sirecte
1133 2252 1274 2310 traditum
1300 2262 1361 2324 est,
1390 2261 1420 2310 et
1446 2263 1552 2311 conus
1573 2254 1732 2311 verborum

407 2358 540 2418 ordinem
568 2355 739 2414 sollemnem
766 2365 869 2431 peccat
890 2363 920 2413 et
941 2355 1083 2431 primario
1105 2354 1225 2413 nomine
1247 2354 1324 2412 male
1346 2355 1473 2414 omisso:
1503 2373 1571 2412 nam
1593 2373 1669 2414 cum
1690 2371 1733 2411 ro·

407 2461 508 2519 hortes
529 2459 640 2518 fuerint
653 2457 863 2532 Bracarum⁴)‚
885 2455 1080 2528 Ituraeorum,
1096 2456 1319 2530 Lusitanorum,
1333 2455 1523 2528 Nerviorum,
1538 2456 1697 2516 Thracum
1707 2455 1731 2528 ⁵)

407 2580 510 2621 omnes
533 2561 698 2638 appellatae
719 2560 832 2636 primae
848 2561 1013 2635 Augustae,
1036 2559 1184 2636 quomodo
1206 2561 1281 2618 haec
1302 2559 1465 2636 appellatio
1487 2559 1565 2618 nude
1585 2570 1674 2618 recte
1693 2559 1732 2614 in·

407 2665 508 2741 tellegi
527 2664 666 2741 potnerit,
689 2681 747 2721 non
766 2661 992 2738 perspicitur⁶).
1015 2695 1055 2705 -
1077 2659 1192 2720 Contra
1210 2662 1318 2720 cohors
1334 2661 1366 2718 ll
1381 2661 1510 2721 classica
1526 2660 1597 2719 alibi
1615 2679 1732 2738 quoque

407 2765 631 2841 nominaturl),
658 2783 712 2824 nec
737 2765 895 2842 quicquam
923 2766 1036 2836 obstat,
1064 2765 1223 2840 quominus
1244 2765 1407 2841 imperante
1429 2765 1570 2841 Augusto
1591 2765 1627 2821 in
1649 2759 1733 2838 Syria

408 2870 581 2928 constiterit.

491 2971 689 3048 Equestribus
715 2970 777 3028 illis
803 2969 916 3028 militiis
938 2967 1094 3029 Secundus
1116 2969 1223 3028 meruit
1244 2969 1300 3028 sub
1322 2969 1357 3027 P.
1374 2966 1508 3046 Sulpicio
1530 2966 1676 3043 Quirinio
1697 2969 1732 3025 le

408 3083 478 3151 gato
493 3073 661 3150 Augustil)
684 3069 824 3132 Caesaris
841 3071 956 3148 Syriae.
990 3072 1066 3129 Eum
1089 3090 1124 3130 eo
1146 3071 1258 3130 honore
1279 3071 1410 3130 functum
1433 3088 1501 3130 esse
1523 3081 1647 3129 consta
1668 3091 1694 3128 a.
1709 3089 1731 3126 u

409 3197 434 3236 o.
447 3177 506 3234 tta
525 3184 559 3233 et
576 3176 730 3251 deinceps,
753 3175 905 3250 probabile
927 3183 972 3232 est
994 3183 1082 3232 antea
1103 3175 1161 3231 iam
1184 3174 1261 3232 idem
1284 3191 1391 3232 munus
1413 3193 1479 3231 eum
1502 3174 1690 3232 sustinuisse
1708 3183 1733 3229 et

409 3278 528 3355 quidem
551 3296 604 3354 per
625 3297 652 3336 a.
665 3277 734 3336 tat.
750 3275 818 3336 252.
852 3275 911 3337 Sed
933 3295 999 3335 cum
1020 3277 1127 3335 titulus
1143 3276 1319 3352 Berytensis
1340 3275 1414 3333 nihil
1429 3274 1564 3333 conferat
1585 3275 1626 3333 ad
1649 3295 1733 3352 quae

409 3382 536 3440 ationem
564 3388 719 3456 tantopere
745 3379 887 3456 agitatam
909 3379 945 3436 de
968 3389 1099 3455 tempore
1121 3389 1151 3436 et
1171 3379 1327 3438 iteratione
1344 3378 1504 3455 legationis
1526 3376 1732 3453 Quirinianae,

410 3485 448 3542 ad
470 3503 534 3542 eam
557 3482 626 3540 alibi
648 3481 807 3559 diligenter
828 3501 847 3539 s
868 3483 954 3540 nobis
976 3480 1172 3557 tractarent)
1198 3481 1247 3540 hic
1268 3501 1327 3541 non
1348 3480 1489 3539 redimus.

494 3585 578 3645 Duas
603 3603 651 3644 res
676 3585 812 3661 gessisse
834 3601 866 3642 se
888 3583 930 3642 ait
951 3581 1105 3643 Secundus
1127 3584 1212 3642 iussu
1234 3585 1363 3642 missure
1386 3581 1532 3656 Quirinii,
1562 3599 1688 3642 censum
1708 3589 1732 3638 et

409 3689 530 3748 bellum.
547 3683 548 3686 ’
564 3687 642 3746 Huic
663 3697 696 3745 ut
717 3707 784 3744 eum
805 3685 977 3745 interfuisse
991 3685 1171 3763 praefectum
1195 3687 1327 3745 cohortis
1350 3686 1471 3744 alterins
1492 3685 1590 3744 utrius
1606 3684 1732 3743 dubitari

409 3811 469 3850 non
491 3799 604 3868 potest,
630 3791 672 3848 ita
699 3790 792 3848 altero
814 3807 933 3866 quoqne
958 3788 1057 3848 officio
1080 3808 1146 3847 eum
1167 3789 1300 3848 functum
1323 3805 1389 3847 esse
1411 3787 1515 3846 eodem
1537 3787 1606 3847 loco
1628 3787 1731 3846 consti·

411 3905 506 3953 tutum
534 3893 610 3952 ratio
639 3892 753 3951 suadet.
796 3889 874 3950 Nam
901 3909 1007 3950 census
1035 3892 1228 3969 imperatoris
1252 3899 1349 3951 aetate
1376 3891 1539 3950 secundum
1565 3891 1731 3966 provincias

410 3998 563 4055 ordinatus
589 4013 653 4053 cum
679 4005 731 4053 aut
755 3995 815 4072 ipsi
841 3994 970 4070 praesidi
997 3995 1228 4053 committeretur
1254 4002 1307 4051 aut
1327 3993 1426 4069 legato
1451 3994 1546 4051 misso
1568 3992 1607 4050 ad
1630 4007 1731 4050 census

411 4099 616 4177 accipiendos,
643 4097 694 4156 illa
721 4104 799 4156 certe
821 4115 883 4156 rem
905 4097 948 4154 ita
969 4097 1153 4173 perficiebat,
1180 4106 1213 4154 ut
1238 4096 1390 4175 negotium
1409 4095 1492 4154 inter
1514 4095 1642 4154 comites
1665 4093 1730 4152 din'·

412 4243 615 4255 *mu

489 4332 512 4396 ¹)
539 4333 569 4384 C.
580 4331 630 4396 111,
645 4333 713 4394 3983
732 4331 838 4383 Henzeu
858 4331 937 4383 6470.
964 4329 1122 4383 Stactarecbt
1137 4333 1234 4394 1,118.

488 4423 512 4488 ¹>
538 4427 644 4476 Henaen
664 4422 742 4476 atto.
769 4422 927 4475 Stoatsreefrt
946 4427 970 4486 2,
986 4425 1047 4474 224.

488 4515 513 4579 ³)
536 4517 646 4569 vot1x
659 4535 685 4568 n.
699 4517 770 4568 3158
791 4513 1146 4583 meliusquum1.1t.5369.
1171 4515 1227 4566 ¹Pro
1247 4508 1419 4592 notissimus
1440 4513 1552 4565 tradtnn
1564 4515 1729 4591 rovlihrus.

488 4607 513 4673 ⁴)
539 4611 599 4661 Vol.
609 4611 677 4661 VIII
695 4627 721 4660 n.
735 4611 815 4662 935⁸.

490 4701 514 4766 ὅ)
537 4703 597 4753 Vol.
611 4703 653 4752 111
671 4719 696 4768 p.
712 4705 791 4754 1151.

489 4793 513 4858 ⁶)
543 4794 596 4845 Ata
616 4796 732 4862 depasta
750 4795 818 4845 nude
836 4796 933 4860 passim
951 4796 1079 4846 invenitur
1097 4795 1125 4844 in
1144 4794 1223 4844 titulis
1242 4793 1405 4845 Britannicis.

490 4885 514 4952 ¹>
542 4887 621 4939 Orell.
636 4887 707 4938 3620
721 4909 754 4930 =
766 4889 816 4938 rol.
830 4889 870 4938 IX
890 4905 914 4938 n.
929 4889 1000 4938 4855
1008 4905 1032 4936 α.
1058 4887 1158 4938 Titulus
1177 4903 1229 4937 non
1249 4886 1280 4937 ab
1299 4888 1371 4937 omni
1390 4886 1536 4951 suspicione
1553 4887 1676 4939 immunis
1689 4899 1728 4942 eat.

413 4983 459 5033 sed
477 4981 645 5046 probabiliter
662 4983 796 5046 genuinus.

491 5072 514 5135 8)
541 5074 581 5122 Ita
599 5073 722 5138 supplevi,
742 5081 771 5122 nt
789 5083 826 5122 est
845 5075 872 5123 in
892 5074 971 5122 titulis
991 5073 1070 5123 Orell.
1085 5073 1136 5123 642
1157 5081 1182 5120 et
1201 5074 1313 5122 Hermen.
1328 5073 1400 5122 6450
1419 5079 1445 5120 et
1462 5072 1579 5124 1.1t.1t.
1593 5072 1664 5123 5669
1682 5071 1727 5132 (ubi

414 5168 542 5218 alternant
560 5166 689 5232 Augustus
710 5163 805 5215 Caesar
823 5174 848 5214 et
870 5163 964 5214 Caesar
978 5166 1130 5230 Anqustusl,
1157 5181 1213 5214 cnm
1238 5180 1331 5214 nomen
1353 5164 1472 5215 Caesaris
1496 5166 1593 5215 nudum
1612 5165 1662 5214 hnc
1679 5165 1728 5214 loro

414 5261 458 5309 vix
477 5259 538 5308 ferri
557 5259 645 5323 possit.

491 5347 516 5414 9)
542 5352 614 5402 Mon.
634 5352 731 5416 Aneyr.
751 5367 775 5416 p.
790 5351 849 5400 115.
871 5351 921 5401 121
933 5366 985 5417 seq.
