3792 5970
166 649 290 704 neo-ns
682 650 765 703 von.
780 651 821 703 v1
841 650 949 703 unns.
965 650 990 700 1.
1428 627 1500 700 265

169 823 244 885 740
266 844 295 884 n.
309 825 369 886 386
391 825 465 884 vidit
485 826 516 884 in
538 826 682 904 impluvio
705 824 821 885 aedium
845 825 961 902 collegii
984 825 1196 903 propagandae
1218 823 1287 882 fidei
1310 822 1409 882 denuo
1428 821 1503 881 Bor·

209 947 314 1001 monn,
342 927 379 988 cf.
408 928 476 989 buli.
501 927 568 988 dcll’
591 931 656 988 inst.
682 927 761 987 1879
784 947 812 1006 p.
830 928 880 987 40.
925 927 1002 987 Post
1023 945 1143 987 versum
1169 934 1308 986 octavum
1330 941 1435 986 erasus
1458 933 1504 984 est

210 1029 369 1108 diligenter
389 1049 495 1092 versus
516 1048 606 1104 unus,
627 1049 715 1109 quem
739 1038 853 1091 certum
876 1039 924 1090 est
943 1030 1039 1091 fuisse
1060 1031 1124 1090 iere
1145 1031 1237 1090 hunc:

554 1208 616 1250 cont
638 1209 681 1250 cn.
706 1189 856 1266 calpurnio
874 1192 978 1266 pisone
999 1190 1115 1266 coniepa

164 1345 239 1405 Piso
267 1363 334 1406 cum
361 1366 388 1408 o.
405 1345 445 1406 20
474 1346 552 1426 apud
576 1356 711 1408 senatum
734 1352 893 1407 occursutus
916 1346 973 1407 sibi
995 1357 1120 1408 mortem
1143 1345 1356 1418 conscivisset,
1379 1343 1502 1406 Tacitus

165 1467 236 1508 eun.
258 1449 291 1522 3,
313 1450 361 1508 17.
383 1447 420 1508 18
450 1457 552 1509 narret
578 1449 734 1510 Aurelium
757 1447 876 1510 Cottum
905 1450 1059 1510 consulem
1087 1449 1241 1509 censuisse
1269 1467 1368 1507 nomen
1388 1447 1503 1506 Pisonis

165 1551 326 1610 rodendum
345 1553 451 1626 scotie,
483 1552 535 1612 sed
562 1551 718 1613 Tiberium
743 1551 787 1610 its
815 1552 993 1612 sententiam
1021 1551 1178 1629 mitigasse
1204 1570 1239 1610 nc
1263 1570 1361 1610 nomen
1386 1550 1503 1609 Pisonis

158 1655 253 1728 sustin
276 1658 449 1714 eeimerctur.
493 1653 560 1715 Nec
586 1663 685 1714 tumen
712 1656 819 1714 mirum
845 1671 952 1714 nomen
975 1672 1093 1715 erasum
1115 1672 1184 1714 esse
1204 1654 1236 1714 in
1257 1653 1404 1712 eiusmodi
1425 1652 1501 1726 bssi,

165 1776 246 1834 quae
271 1765 495 1818 monumentum
524 1765 605 1818 esset
630 1757 767 1819 ludorum
794 1777 831 1818 ex
858 1765 983 1818 senatus
1009 1757 1149 1818 consulto
1175 1777 1231 1836 pro
1252 1757 1351 1817 reditu
1373 1755 1502 1834 Augusti

165 1861 204 1919 ub
226 1861 295 1938 ipso
317 1859 442 1921 Tiberio
462 1860 630 1922 sectorum.-

166 2067 233 2130 741
265 2071 463 2150 fragmentum
497 2073 631 2150 epistylii
662 2073 820 2131 marmorei
850 2071 1015 2132 adhibitum
1046 2072 1159 2131 liminis
1192 2036 1287 2130 instar
1314 2071 1500 2149 pedibusque

207 2174 359 2250 attritum,
389 2173 531 2235 effossum
559 2175 609 2236 vie
633 2175 789 2236 Meruiuno
815 2193 910 2255 prope
938 2174 1036 2235 aulum
1063 2176 1175 2252 pictum
1201 2173 1357 2233 hortorum
1382 2173 1499 2234 Maece-

206 2275 298 2337 nutis.

667 2378 970 2424 ἻῦῊἿ-ιῢνπὶῦ

640 2490 690 2526 teoto
712 2481 868 2528 svscssto
891 2480 1027 2526 sstsvcw

164 2632 293 2692 Fiorelli
314 2635 416 2692 notizie
440 2631 518 2691 1877
542 2653 572 2712 p.
590 2635 663 2708 1113
685 2634 831 2695 Loncisni
854 2636 922 2694 butt.
946 2635 1024 2694 arcii.
1046 2607 1181 2710 municip.
1207 2631 1285 2693 1877
1309 2651 1339 2710 p.
1356 2632 1383 2690 7.

166 2843 241 2903 742
262 2843 460 2923 fragmentum
482 2845 605 2904 tabulae
625 2864 811 2906 mer-morene
833 2847 977 2906 effossum
996 2847 1027 2904 in
1043 2845 1131 2904 horto
1145 2851 1311 2902 conventus
1326 2837 1358 2901 S.
1374 2840 1496 2900 Eusebii

205 2945 309 3006 Lsno.
353 2945 441 3007 Nune
463 2957 600 3009 servatur
620 2950 652 3008 in
674 2946 824 3026 Capitolio
846 2949 878 3008 in
899 2949 1041 3025 repositis
1062 2948 1093 3007 in
1114 2946 1273 3006 tabulario.

542 3128 562 3166 u
1024 3106 1040 3164 6

456 3213 488 3268 tn
508 3211 651 3272 monuo:
900 3213 932 3270 in
953 3227 1056 3269 conec
1076 3210 1178 3269 litteris

900 3315 993 3372 minus
1016 3314 1175 3374 accuratu.-

459 3497 676 3680 &mmm

443 3648 465 3678 c.
491 3635 689 3682 NtnP·sv1t

464 3740 475 3783 >

358 3845 370 3883 8
450 3676 670 3886 §visumve

164 4437 335 4519 Descripsit
360 4440 405 4501 Io.
423 4435 569 4511 Schmidt,
597 4436 709 4497 contuli
731 4447 879 4514 ectypum.
921 4437 1067 4497 Lonciuni
1094 4437 1174 4516 apud
1195 4437 1369 4498 Fiorellium
1395 4444 1497 4500 notizie

167 4543 246 4604 1877
270 4563 300 4622 p.
317 4541 387 4617 266,
410 4543 480 4602 butt.
504 4541 581 4602 oroi.
606 4559 713 4600 comnn.
738 4537 795 4598 187
802 4541 818 4598 7
840 4560 869 4617 p.
888 4540 956 4600 163.
975 4539 1044 4602 164.

206 4664 226 4704 a
250 4648 276 4706 l.
294 4645 320 4707 7.
338 4645 356 4704 8
379 4645 496 4725 scolpro
517 4644 605 4704 erasi.
623 4677 661 4687 -
684 4641 779 4702 667
803 4642 955 4720 supplevit
970 4642 1148 4716 Mommsen,
1170 4651 1269 4720 potest
1288 4644 1383 4706 inisse
1404 4649 1494 4706 etiam

161 4766 219 4824 pro
240 4749 341 4808 solute.

166 4954 237 5018 746
259 4959 291 5018 in
312 4959 424 5037 saeptis
446 4959 575 5020 tributis.

741 5059 749 5101 ι
762 5075 769 5089 ·
781 5057 805 5102 o
818 5074 825 5088 ·
837 5059 862 5102 n
875 5058 914 5103 ·o

740 5163 780 5204 ET
801 5177 808 5190 ·
831 5162 913 5206 sott

741 5264 916 5309 sncnvn

168 5326 285 5393 Gudius
307 5351 361 5394 ms.
378 5332 448 5409 665,
465 5335 494 5407 5,
516 5333 562 5395 ed.
578 5332 607 5407 2,
623 5333 651 5393 9.
