3792 5970
186 562 307 612 rao-ras
700 557 783 614 von.
799 557 838 607 vr
860 557 1007 608 111111.
1444 541 1518 612 275

185 731 257 792 780
287 735 327 791 de
353 753 382 791 n.
397 733 456 790 971
484 731 684 809 intellegenda
709 739 779 789 sunt
803 733 894 791 verba
916 730 1074 803 Fabrettii,
1104 751 1181 808 quae
1207 751 1307 791 errore
1334 732 1373 790 ad
1399 734 1517 791 titulum

186 849 192 859 ‘
224 836 427 894 Trebulanum
456 833 561 909 (supra
586 831 691 892 11724
711 857 748 884 =
767 827 828 904 v1,'
844 833 921 908 146)
947 834 1116 892 rettulimus
1141 828 1304 892 ‘christiani
1326 834 1363 892 ad
1386 835 1518 894 loculum

225 937 395 998 coemeterii
418 934 538 995 Callisti
565 934 765 1013 (intellegitur
790 935 997 994 coemeterium
1025 953 1120 1014 prope
1148 934 1179 996 S.
1202 934 1391 1012 sebastiani)
1417 947 1518 996 oonte-

225 1041 352 1117 gendum
380 1043 427 1097 usi
454 1047 538 1111 sunt,
566 1036 676 1096 ibidem
704 1037 782 1096 enim
810 1037 866 1096 sub
889 1038 976 1096 vinea
998 1037 1130 1097 Fidentii
1157 1037 1195 1097 ad
1217 1037 1297 1097 viam
1320 1039 1450 1116 Appiam
1472 1061 1517 1099 re·

224 1143 289 1220 peri
311 1153 341 1200 et
362 1135 504 1200 extraxi'.

186 1352 249 1413 781
272 1353 469 1432 fragmentum
492 1350 612 1410 tabulae
634 1371 820 1411 marmoreae
842 1353 949 1411 litteris
972 1352 1098 1429 magnis,
1122 1352 1174 1409 sed
1194 1370 1254 1410 non
1273 1352 1369 1412 bonis.
1400 1353 1516 1414 Veson-

224 1456 305 1514 tione
330 1456 361 1514 in
389 1471 507 1526 museo,
535 1453 682 1512 collection
703 1455 738 1513 cla
759 1455 819 1515 Mr.
844 1454 941 1514 Paria.
986 1454 1044 1514 Hie
1066 1455 1231 1532 recepimus
1254 1455 1334 1531 quod
1356 1473 1434 1530 quae
1457 1457 1517 1514 ool-

222 1559 297 1635 legit
318 1556 471 1627 Parisios,
498 1574 566 1614 eum
588 1575 627 1614 ex
651 1557 723 1614 urbe
744 1557 880 1616 attulisse
903 1565 1028 1616 oonstat.
1074 1555 1134 1615 Sed
1156 1576 1223 1615 oum
1246 1574 1351 1632 parurn
1374 1556 1517 1617 credibile

226 1661 266 1718 sit
287 1659 338 1717 illa
360 1667 457 1718 aetate
480 1659 627 1718 urbanum
649 1657 797 1718 hominem
821 1658 985 1718 Troianum
1008 1669 1037 1718 et
1059 1657 1224 1718 Traianum
1247 1659 1434 1732 confudisse,
1455 1660 1517 1720 for·

225 1771 308 1822 tasse
330 1761 518 1822 statuendum
539 1759 670 1836 lapidem
693 1762 815 1820 aliunde
836 1763 865 1819 in
889 1763 990 1819 urbem
1013 1760 1167 1821 advectum
1190 1780 1264 1820 esse.

662 1913 721 1967 imp.
759 1914 900 1958 aa'SARl
928 1914 1003 1956 DlVl

664 2017 748 2060 troiani
774 2030 790 2070 p
819 2017 909 2060 nrnlc
933 2031 940 2044 ·
963 2015 1002 2058 nr

658 2122 705 2162 111
735 2133 761 2162 m
781 2113 1030 2162 ,vas·N·rn01a
1073 2121 1105 2162 aa

660 2235 687 2264 ao
702 2177 1037 2328 '‘⁶an

179 2365 350 2443 Descripsit
378 2364 562 2424 Hirschfeld.
614 2363 771 2440 Catolopua
800 2363 834 2420 do
862 2361 892 2421 la
919 2361 1105 2439 bibliottdque
1133 2363 1167 2422 da
1196 2363 1256 2421 Mr.
1286 2361 1376 2422 Paria
1404 2384 1434 2442 p.
1453 2365 1510 2425 199

178 2489 208 2528 n.
226 2469 296 2528 305.

180 2676 250 2738 782
275 2675 450 2755 ‘frammaato
473 2680 504 2736 di
526 2678 619 2738 lustru
639 2695 811 2748 marmorea,
831 2694 932 2753 prorsa
954 2678 1109 2748 110080,
1132 2678 1218 2752 lungo
1243 2675 1325 2748 0,62,
1348 2677 1405 2736 alto
1426 2680 1508 2749 0,28,

220 2791 330 2839 trovato
355 2781 402 2839 nal
426 2800 499 2839 mese
525 2783 556 2839 di
581 2781 675 2856 aprile
696 2781 781 2838 1878
806 2780 1003 2855 spurqandmi
1029 2779 1058 2837 la
1080 2779 1209 2838 atlantea
1232 2779 1281 2838 ele
1303 2781 1462 2838 eondueeoo
1485 2781 1510 2838 la

220 2901 308 2959 aequa
333 2883 385 2940 dal
408 2883 495 2942 dinuo
517 2885 548 2941 di
569 2883 703 2941 Adriano
729 2882 761 2939 ul
784 2883 945 2941 otiamoone
965 2891 1087 2940 maeatro
1109 2881 1256 2940 (tellaria
1278 2875 1376 2942 sumu‘
1397 2880 1508 2952 Lana,

220 2985 356 3044 similiter
384 2985 473 3045 Fron.
516 2983 606 3044 Nune
633 2993 769 3074 servatur
795 2985 826 3042 in
854 2983 886 3044 S.
912 2983 1093 3042 Franoiseae
1117 2984 1273 3044 Romanae
1298 2983 1330 3043 in
1357 2983 1508 3060 repositis.

218 3085 353 3147 Litterae
374 3086 459 3146 valde
482 3105 631 3146 corrosae.

670 3229 733 3272 lldl'
756 3244 762 3258 ·
787 3230 922 3273 ΕΑΕΒΑι

670 3332 869 3375 HAD-lllAst·
891 3334 910 3374 A
939 3345 952 3383 a

671 3460 811 3477 .........
821 3435 953 3477 1=PONa
972 3447 1024 3476 mua

175 3579 348 3656 Descripsit
375 3577 470 3638 Gatti.
513 3576 660 3636 Lanoiani
686 3575 753 3635 dall.
777 3576 856 3635 urei.
881 3595 950 3633 eom.
975 3574 1053 3634 1878
1077 3594 1106 3651 p.
1123 3575 1178 3646 96,
1198 3574 1231 3646 ὃς
1259 3573 1385 3634 Fiorelli
1406 3579 1507 3636 notizia

178 3682 257 3742 1878
280 3701 310 3758 p.
326 3679 375 3740 92.

177 3890 247 3951 783
269 3893 308 3950 ad
330 3911 358 3949 n.
375 3891 469 3950 9801.
514 3891 592 3948 Esse
614 3890 729 3968 origine
749 3887 936 3948 Lanuvinam
959 3889 1073 3946 monuit
1094 3887 1224 3947 Deseau.

178 4099 249 4161 784
271 4101 309 4158 ad
330 4099 446 4159 1982.
490 4099 547 4158 Eat
569 4099 684 4176 origine
706 4099 864 4158 Tiburtina
885 4100 1046 4158 secundum
1062 4098 1205 4174 Vulpinm
1227 4097 1295 4157 Lat.
1314 4100 1362 4170 10,
1378 4098 1448 4157 422.

176 4308 244 4370 785
268 4311 306 4369 ad
321 4329 348 4368 n.
365 4309 454 4370 1002.
489 4310 573 4368 Inter
593 4308 695 4368 titulos
718 4311 748 4368 in
770 4309 837 4368 foro
850 4309 988 4368 Romano
1010 4318 1145 4386 repertos
1166 4307 1257 4368 refert
1274 4308 1384 4368 Jordan
1403 4310 1502 4386 eph.3

216 4435 246 4492 p.
260 4412 319 4472 286
334 4433 364 4471 n.
377 4412 416 4471 74
438 4431 477 4470 ex
500 4412 671 4470 testimonio
686 4411 803 4488 Ligorii
824 4411 855 4469 in
875 4411 962 4470 oodd.
978 4410 1145 4470 Bodleiano
1165 4417 1194 4468 et
1209 4409 1390 4469 Tauriuensi
1405 4411 1505 4472 dioen-

215 4515 254 4574 tis
276 4525 425 4593 repertum
447 4521 516 4574 ante
536 4513 640 4573 aedem
659 4514 804 4593 Antonini
827 4523 857 4571 et
878 4512 1041 4571 Faustinae
1063 4520 1093 4570 et
1113 4529 1170 4571 nos
1193 4513 1323 4572 editores
1345 4516 1503 4591 reprehen-

215 4616 268 4688 dit,
289 4617 369 4694 quod
392 4617 483 4676 verba
503 4615 701 4694 Ligoriinon
721 4616 838 4693 integra
860 4615 1021 4674 attulimus.
1061 4612 1122 4674 Sed
1142 4615 1217 4673 nihil
1239 4616 1378 4676 usitatius
1399 4616 1430 4674 in
1450 4614 1503 4674 Li·

215 4720 300 4796 gario
326 4737 416 4796 qnam
445 4718 481 4776 de
510 4718 605 4778 titulis
631 4719 681 4794 qni
707 4719 738 4778 in
766 4719 867 4794 aliqua
893 4717 983 4776 domo
1009 4717 1125 4776 urbana
1151 4725 1288 4776 extarent
1312 4718 1425 4797 fingere
1451 4718 1503 4778 ubi

214 4823 325 4898 reperti
350 4829 466 4882 essent:
495 4828 525 4879 et
552 4822 609 4879 hoo
634 4821 836 4880 testimonium
864 4839 898 4878 eo
924 4818 1020 4896 magis
1049 4819 1249 4897 spernendum
1277 4827 1336 4890 est,
1365 4820 1446 4896 quod
1473 4829 1504 4880 et

214 4925 355 5000 scriptum
377 4933 425 4982 est
445 4923 476 4981 in
498 4923 583 4981 libris
606 4943 645 4982 ex
666 4923 880 5000 orthographia
899 4922 1026 4981 Manutii
1048 4921 1269 4981 editaa.1566
1291 4921 1501 4999 pendentibus,

213 5045 282 5085 cum
303 5026 386 5084 basis
408 5026 478 5102 ipsa
496 5025 555 5084 iam
578 5045 604 5084 a.
620 5026 699 5084 1547
720 5027 751 5084 11
773 5025 894 5084 aedibus
909 5025 1099 5084 Maffeiorum
1121 5023 1269 5101 descripta
1289 5023 1500 5084 etaManutio

214 5129 295 5186 edita
315 5137 405 5198 esset,
427 5136 457 5186 et
477 5138 709 5186 consentaneum
731 5137 778 5185 est
791 5127 947 5202 Ligarium
967 5125 1066 5186 dicere
1088 5127 1184 5186 basim
1199 5126 1350 5186 Antonino
1371 5125 1501 5186 dinatum

214 5238 362 5306 repertam
386 5247 454 5291 ease
475 5238 545 5289 anto
567 5231 630 5288 eius
653 5229 766 5290 aedem.
