3640 5976
392 557 464 634 532
959 571 1143 628 uorsusun

392 677 581 692 ——n

391 753 506 815 subieci
526 749 649 810 adiectis
671 749 930 808 observationibus
953 748 1147 824 quibusdam,
1173 766 1249 824 quae
1270 747 1309 808 ad
1329 746 1447 825 imperii
1468 745 1610 806 militaris
1634 755 1722 806 natu·

391 875 457 916 ram
484 864 513 913 et
534 853 737 912 condicionem
765 862 862 911 aetate
888 851 1081 928 imperatoria
1101 851 1200 909 iacere
1221 849 1406 909 videbantur.

477 955 692 1033 Principalium
715 953 814 1013 officia
835 955 866 1012 in
888 954 1057 1013 universum
1079 958 1110 1011 in
1132 953 1190 1012 dno
1212 970 1323 1029 genera
1343 951 1442 1010 didaci
1465 959 1622 1028 poterunt,
1651 970 1725 1026 quo-

392 1081 458 1122 rum
480 1059 606 1118 alterum
629 1078 647 1117 a
669 1057 794 1116 militum
817 1075 942 1134 corpore
963 1056 1081 1134 pendet,
1104 1055 1228 1114 alterum
1251 1073 1270 1113 a
1290 1053 1473 1132 praeposito.
1506 1053 1646 1112 Etillius
1663 1055 1725 1129 qui·

394 1166 461 1224 dem
487 1161 620 1240 generis,
646 1169 680 1217 ut
705 1159 806 1218 iubis
828 1159 904 1230 iere,
931 1159 1096 1234 dequibus
1120 1156 1216 1217 Cauer
1237 1157 1393 1232 exposuit,
1419 1173 1474 1214 nos
1500 1155 1725 1224 contineamus,

395 1273 464 1326 sunt
490 1267 630 1339 optiones,
656 1261 861 1338 speculatores,
884 1265 1041 1331 teasoorii,
1068 1262 1196 1320 ascades
1218 1277 1376 1330 armorum,
1397 1260 1543 1334 siqruyeri,
1563 1258 1725 1328 vacillarit,

395 1367 553 1445 aquiliferi,
575 1366 759 1441 inopiniseri,
782 1373 954 1433 aeneatoris,
978 1364 1167 1434 buccinatores,
1191 1365 1336 1434 tubicines,
1357 1365 1528 1431 cornicines,
1547 1361 1618 1436 fisci
1642 1380 1726 1419 cera·

394 1481 483 1540 tores,
510 1469 680 1536 carcerarii,
706 1467 807 1524 medici
815 1463 858 1542 ¹),
885 1463 1083 1542 condicioni),
1111 1465 1219 1542 quibus
1246 1474 1279 1523 ut
1304 1482 1394 1540 saepe
1420 1463 1595 1541 adiungitur
1622 1483 1725 1522 nume·

394 1591 460 1643 rus,
483 1569 562 1648 apud
583 1587 671 1646 quem
693 1569 828 1645 occupati
851 1586 917 1626 csse
938 1568 1129 1626 inveniuntur
1151 1567 1199 1642 (ut
1221 1567 1388 1626 tesserariis
1410 1566 1591 1625 adscribitur
1614 1570 1649 1626 iri
1666 1585 1725 1626 crs·

395 1679 471 1734 turia
493 1673 541 1732 vel
556 1670 723 1747 centuriae),
744 1671 786 1729 ita
807 1670 998 1748 praepositus
1021 1671 1075 1728 sub
1097 1687 1157 1748 quo
1180 1669 1336 1728 militarint
1356 1687 1516 1746 numquam
1538 1670 1724 1727 enuntietur.

395 1776 508 1838 Contra
535 1775 565 1833 in
590 1774 682 1833 altero
707 1791 830 1851 genere,
859 1791 919 1850 qao
945 1771 1092 1849 pertinent
1117 1772 1306 1848 potissimum
1330 1771 1528 1842 cornicularii,
1554 1783 1725 1829 commento-

394 1885 513 1950 rienses,
537 1875 723 1946 codicillarii,
745 1875 871 1945 librarii,
892 1877 1006 1944 actarii,
1029 1878 1130 1944 crecti,
1153 1883 1327 1950 acceptores,
1352 1892 1371 1930 o
1392 1875 1628 1949 quaestionibus,
1652 1883 1725 1931 etra—
1800 1855 1801 1858 ¹

397 1993 485 2052 tores,
507 1979 684 2057 sinqulores,
704 1987 861 2049 secutores,
882 1977 1066 2053 dereficraru‘i,
1087 1980 1236 2048 immunes,
1263 1994 1320 2034 uon
1348 1993 1474 2052 semper,
1502 1976 1557 2034 sed
1585 1977 1631 2034 ibi
1655 1977 1725 2047 sere,

396 2120 598 2134 ...m—...-

474 2211 497 2274 ¹)
521 2212 563 2263 Gi.
582 2228 606 2277 p.
622 2212 676 2264 530
693 2212 754 2262 adn.
768 2212 793 2262 3.
1384 2261 1389 2272 ,

473 2301 497 2366 ἱ)
525 2305 682 2356 Candidatos
701 2304 823 2370 quoniam
843 2303 927 2354 Gener
945 2318 998 2354 nou
1017 2302 1129 2364 admisit,
1150 2318 1207 2352 cum
1226 2303 1295 2367 apud
1309 2303 1444 2368 vegetium
1458 2304 1507 2362 2,7
1528 2309 1653 2352 extrem
1672 2304 1725 2352 loeo

398 2401 464 2450 inter
482 2399 637 2464 principales
657 2401 836 2448 recenseantur
854 2395 932 2460 idque
951 2395 1017 2444 tituli
1036 2397 1201 2458 confirment,
1221 2411 1285 2460 quae
1306 2396 1338 2446 de
1358 2410 1389 2446 co
1408 2395 1495 2445 officio
1513 2395 1549 2445 ad
1568 2411 1666 2446 manns
1686 2395 1725 2444 ba·

397 2492 445 2542 beo
464 2490 596 2555 adscripsi,
617 2503 771 2554 quamquam
784 2493 886 2554 praeter
898 2502 994 2538 nomen
1006 2489 1050 2537 vix
1064 2489 1200 2554 quicquam
1213 2487 1246 2537 de
1257 2488 1291 2538 iis
1304 2488 1425 2538 traditum
1437 2487 1591 2552 accepimus.
1623 2488 1726 2540 Scilicet

398 2591 424 2634 ct
447 2583 474 2632 in
499 2581 628 2632 laterculis
652 2583 760 2632 militum
785 2581 983 2645 legionariorum
1007 2581 1075 2631 inter
1097 2581 1210 2646 reliquos
1233 2580 1386 2646 principales
1409 2581 1502 2630 adsunt
1519 2581 1587 2630 VIII
1608 2597 1638 2630 n.
1659 2581 1725 2631 2562

397 2675 527 2725 candidati
547 2689 653 2724 numero
673 2675 738 2736 duo,
757 2674 824 2722 VIII
842 2689 867 2722 n.
882 2673 953 2723 2563
973 2688 1080 2724 numero
1103 2674 1226 2738 quinqua,
1249 2673 1290 2722 III
1310 2688 1336 2722 ιι.
1353 2669 1422 2722 1190
1447 2687 1554 2722 numero
1577 2689 1644 2734 sex,
1669 2675 1725 2722 item

396 2767 463 2816 VIII
482 2782 507 2815 u.
522 2764 593 2816 2618
614 2767 679 2816 inter
695 2772 828 2814 veteranos
841 2773 893 2815 tres
905 2781 935 2815 er
948 2764 1084 2816 correlidoto
1104 2763 1163 2826 (nisi
1178 2767 1248 2830 quod
1266 2767 1293 2816 iu
1312 2781 1364 2815 uno
1383 2765 1540 2829 praepositio
1561 2766 1726 2832 neglegenter

398 2859 494 2908 omissa
517 2855 579 2918 cst),
604 2863 630 2906 et
653 2858 815 2906 inveniuntur
839 2857 906 2906 tituli
930 2858 1033 2922 quidam
1058 2858 1253 2908 candidatorum
1277 2858 1378 2923 legione
1403 2857 1532 2921 adscripta
1552 2857 1581 2906 11
1599 2859 1726 2908 adiutrice

397 2951 449 3012 111,
465 2951 544 3000 3308.
560 2949 640 3010 3338,
663 2949 706 2999 111
725 2947 843 3014 Augusta
860 2949 937 3011 VIII,
952 2949 1022 3000 2366
1044 2948 1087 3011 (ci.
1094 2950 1170 3011 VIII,
1185 2949 1275 3013 2801).
1320 2949 1464 3015 Praepositi
1482 2963 1579 2999 nomen
1598 2967 1726 3016 nusquam

397 3043 547 3103 adsumunt,
575 3041 712 3091 adsumant
737 3042 845 3091 sortasse
871 3057 965 3092 nornen
989 3043 1162 3106 imperatorin
1194 3050 1262 3092 certe
1286 3040 1458 3104 candidatas)
1484 3039 1598 3104 dioniius)
1625 3043 1728 3104 noem)

399 3137 450 3186 vol.
464 3137 506 3186 III
523 3151 548 3184 n.
564 3134 635 3186 3503
654 3135 687 3185 ab
706 3134 739 3184 iis
757 3135 789 3184 de
808 3133 900 3200 quibus
919 3134 1018 3199 agimus
1042 3134 1185 3185 candidatis
1204 3150 1256 3186 uon
1276 3135 1376 3186 ridetur
1394 3135 1509 3186 disemus
1528 3149 1594 3186 esse.
1638 3137 1726 3186 Plures¹

398 3243 505 3279 numero
524 3227 552 3276 iu
570 3227 671 3292 legione
690 3227 769 3278 inisse
789 3233 814 3276 et
833 3241 865 3276 ex
884 3225 1013 3276 laterculis
1036 3227 1088 3277 illis
1110 3227 1268 3293 intellegitur
1290 3228 1392 3278 atinde
1411 3227 1480 3292 qaod
1499 3228 1570 3292 apud
1588 3229 1728 3294 Vegetimn

397 3323 414 3370 Ι.
434 3337 455 3370 c.
479 3327 645 3373 recensentur
668 3317 802 3370 candidati
824 3317 945 3386 deplores
963 3325 989 3368 et
1006 3318 1146 3385 simplores.
1166 3345 1199 3354 —
1223 3320 1327 3372 Diversi
1346 3327 1405 3370 sunt
1428 3318 1580 3370 candidatus
1598 3317 1637 3371 L.
1652 3321 1729 3372 ,aas

398 3411 488 3462 Italici
505 3407 636 3461 Honorati
653 3411 734 3478 leqoti
750 3408 864 3462 Moesos
882 3409 1012 3476 inferioris
1031 3410 1081 3462 vol.
1095 3411 1137 3461 111
1156 3428 1182 3462 n.
1197 3413 1269 3462 6154
1287 3413 1355 3462 idem
1375 3412 1479 3461 decurio
1499 3412 1569 3473 alae;
1588 3413 1658 3464 item
1676 3431 1728 3462 rar-

400 3499 499 3554 taetra
518 3504 550 3554 T.
571 3504 640 3554 Aelii
659 3504 752 3554 Naevii
772 3504 881 3554 Antonii
900 3503 989 3556 Severi
1012 3504 1154 3553 consularis
1178 3506 1265 3554 neseio
1289 3505 1361 3554 onius
1384 3505 1531 3568 provinciae
1554 3505 1641 3555 iidem
1668 3508 1727 3555 alter

398 3597 587 3657 frumentarius,
613 3597 677 3646 alter
696 3595 812 3646 centurio
832 3596 949 3660 legionis,
976 3597 1018 3660 qui
1037 3603 1178 3661 posuerunt
1196 3597 1297 3646 titulum
1317 3597 1445 3648 Graecum
1465 3613 1547 3661 nuper
1565 3597 1672 3648 Rornae
1690 3615 1725 3648 re

397 3695 498 3755 pertnm
518 3687 650 3750 (Lancisni
670 3685 740 3738 Bull.
760 3687 831 3738 della
848 3704 932 3738 comm.
952 3685 1022 3738 oreb.
1042 3689 1169 3739 comunale
1188 3703 1212 3738 a.
1228 3688 1325 3752 1881);
1346 3689 1410 3740 item
1428 3687 1582 3740 carrdidatas
1599 3686 1638 3740 L.
1653 3689 1728 3740 Fabii

403 3779 499 3832 Cilonis
516 3779 603 3848 praes.
622 3777 682 3829 urbi
698 3796 749 3831 cos.
767 3779 803 3830 ΙΙ
818 3779 852 3842 (a.
871 3796 897 3845 p.
911 3779 941 3830 0.
957 3781 1021 3844 204)
1040 3781 1354 3832 v01.VIn.14101dem
1373 3797 1389 3830 a
1407 3782 1515 3842 militiis,
1539 3781 1567 3831 id
1589 3791 1632 3831 eat
1654 3799 1727 3847 eques

399 3874 545 3934 Romanus,
571 3887 623 3922 non
643 3881 694 3921 tam
714 3879 851 3938 propterea
869 3872 937 3938 quod
957 3875 1096 3938 praepositi
1114 3888 1207 3923 nomen
1227 3873 1366 3923 adsumurn
1387 3889 1464 3938 qnam
1487 3881 1593 3938 propter
1616 3875 1726 3940 gradum

400 3971 544 4031 equestrem
563 3966 707 4030 equestrive
725 3966 873 4030 proximum
893 3973 920 4014 et
938 3979 1016 4030 supra
1033 3965 1196 4030 principales.
1217 3993 1250 4002 -
1271 3967 1337 4016 Item
1356 3966 1450 4016 diversi
1469 3973 1539 4026 sunt,
1565 3975 1594 4014 ut
1615 3967 1728 4031 persidit

400 4058 519 4108 Valesius
540 4058 574 4107 ad
593 4057 758 4108 Ammianum
781 4057 823 4120 15,
838 4059 864 4118 5,
880 4058 922 4118 16,
943 4057 1074 4107 candidati
1092 4058 1186 4108 saeculi
1206 4058 1290 4122 quarti
1309 4066 1334 4107 et
1353 4059 1486 4122 deinceps,
1512 4057 1610 4108 scilicet
1636 4060 1690 4124 ipsi
1710 4059 1727 4106 ii

400 4151 444 4215 qui
468 4151 495 4199 in
519 4149 619 4200 Notitia
641 4149 803 4215 Dignitatem
828 4149 941 4201 Orientis
965 4165 987 4200 a.
1001 4151 1033 4200 11
1052 4165 1078 4200 ιι.
1095 4151 1121 4200 6.
1139 4151 1172 4200 10
1195 4133 1358 4200 recensentur
1381 4157 1511 4215 tamquam
1534 4149 1643 4201 necue
1665 4153 1726 4201 duee

400 4243 533 4308 gentilium
552 4243 681 4292 seniorum
702 4249 727 4290 et
745 4242 888 4304 iuniorum
908 4242 935 4292 id
954 4242 1023 4292 enim
1042 4241 1152 4292 eflicitur
1169 4243 1320 4307 praesertim
1339 4257 1372 4292 ex
1391 4241 1686 4304 enumerasse
1705 4255 1726 4292 et

401 4335 531 4385 Chronico
551 4333 670 4384 Paschsli
689 4333 722 4382 ad
742 4349 765 4383 a.
781 4335 832 4384 243
853 4341 879 4383 et
897 4349 920 4384 a
936 4333 997 4384 251.
1035 4335 1076 4384 Ex
1102 4350 1133 4384 eo
1157 4350 1251 4400 genere
1275 4343 1314 4386 est
1332 4331 1470 4385 Annoclcs
1493 4333 1652 4386 aarum
1670 4353 1725 4404 pre-

398 4424 541 4490 menenius]
562 4426 628 4476 tituli
649 4425 788 4476 Christiani
808 4441 831 4476 a.
843 4425 897 4477 450
917 4426 1002 4490 (Rosci
1021 4427 1098 4477 inser.
1111 4427 1192 4478 cbr.1
1211 4445 1236 4478 ιι.
1252 4427 1323 4489 tis).
1345 4451 1377 4466 -
1398 4428 1471 4478 Haec
1488 4429 1539 4478 trie
1556 4443 1658 4494 genere
1671 4445 1724 4480 oen·

401 4518 557 4580 didatorum,
576 4519 636 4568 lieet
648 4534 677 4568 re
690 4526 855 4584 temporeque
875 4519 984 4580 diversa,
1004 4519 1087 4569 nihilo
1105 4519 1189 4569 minus
1208 4509 1398 4583 probabile‘cst
1415 4521 1448 4570 ab
1467 4520 1557 4570 eedem
1572 4537 1654 4572 uuae
1666 4538 1726 4572 nnn-

401 4617 507 4676 eupatos
520 4626 582 4672 csse,
604 4611 701 4662 scilieet
718 4611 831 4676 insignes
849 4611 928 4662 inisse
948 4613 1098 4662 vestimento
1118 4611 1229 4676 quodam
1248 4613 1296 4662 sibi
1317 4613 1430 4677 proprio,
1449 4613 1477 4662 id
1495 4613 1564 4677 quod
1584 4615 1649 4664 item
1663 4613 1726 4663 eadit

401 4705 428 4754 irr
448 4703 597 4754 candidatos
617 4703 760 4754 sacerdotes
778 4704 847 4753 Iovis
861 4703 998 4754 Dolicheni
1018 4705 1148 4754 titulorum
1166 4704 1324 4755 urbanorum
1341 4704 1437 4754 roiVI
1455 4720 1480 4754 u.
1491 4705 1553 4755 406.
1563 4707 1629 4756 409.
1662 4707 1725 4757 itm

402 4810 556 4860 quamquam
576 4796 689 4848 chronici
709 4796 883 4846 Alexandrini
902 4803 992 4847 auctor
1010 4796 1042 4846 de
1061 4797 1160 4862 origine
1179 4797 1373 4847 candidatorum
1393 4812 1454 4846 suae
1473 4799 1563 4847 aetatis
1581 4797 1723 4849 fabulosam

401 4888 575 4938 ornationem
594 4891 735 4954 proposuit,
756 4897 861 4939 eatenus
875 4889 898 4938 ei
912 4890 990 4938 iidem
1010 4889 1104 4940 habere
1122 4890 1263 4954 poterimus
1281 4889 1362 4939 lectos
1380 4903 1436 4938 essa
1455 4890 1607 4940 eanffldetoe
1624 4903 1726 4957 propter

401 4979 512 5044 speciem
532 4986 557 5028 et
575 4982 753 5044 proceritatem
778 4971 818 5042 (uic
835 4974 949 5038 τιλιίους
971 4973 1014 5030 eal
1038 4975 1167 5037 rdrSrvric
1190 4977 1230 5030 aul
1252 4969 1362 5048 prya'brr
1381 4967 1452 5038 dinae
1469 4978 1554 5042 Siue).
1574 5010 1609 5020 ·-
1630 4984 1725 5034 Coum

402 5071 513 5120 centurio
533 5069 642 5122 colrcrtis
657 5069 711 5122 Vll
727 5072 832 5140 ciqilnm
850 5071 1037 5136 Rom(oncrum)
1056 5072 1208 5125 candidatos
1231 5071 1271 5122 Ti.
1288 5069 1407 5122 Caesaris
1425 5075 1476 5124 vol.
1487 5075 1525 5124 VI
1545 5091 1570 5125 n.
1586 5074 1658 5126 2833
1675 5077 1724 5126 sius

402 5163 481 5214 dubio
500 5179 566 5214 unus
585 5173 623 5214 est
642 5178 673 5215 ex
694 5167 884 5216 centurionibus
903 5167 1027 5216 beneficio
1047 5166 1145 5218 Tiberii
1159 5167 1234 5218 iactis
1252 5163 1370 5228 (Sueten.
1385 5165 1444 5218 Tib.
1455 5167 1500 5228 12)
1518 5168 1661 5234 imperante
1676 5171 1724 5218 Aa·

401 5263 483 5322 gusto,
504 5257 536 5307 de
556 5257 646 5324 quibus
665 5258 705 5324 egi
726 5256 1035 5322 sraauecis22,1101.
