3618 5968
363 519 435 590 222
578 555 580 560 -
935 537 1114 590 nonnrsnn

362 715 441 771 tribu
468 714 642 790 suffragium
670 713 785 771 tulisse.
828 713 877 770 Ita
905 711 1048 771 Claudios
1077 714 1107 770 in
1138 711 1264 772 Claudia
1298 713 1377 770 tribu
1404 713 1563 786 aliquando
1597 713 1688 771 luisse

363 816 522 875 notissima
543 816 672 873 narratio
700 835 766 872 eum
793 816 867 874 eatis
891 815 1086 886 demonstret,
1110 813 1146 888 Q.
1171 813 1316 873 Claudius
1339 818 1396 890 Ap.
1420 814 1441 874 f.
1464 827 1587 892 propter
1608 833 1691 891 prae-

363 937 470 976 nomen
503 918 597 994 patris
631 919 695 976 sine
728 917 819 976 dubio
853 918 892 975 ad
924 918 1079 994 patriciam
1118 926 1235 996 gentem
1269 918 1445 977 referendus
1478 919 1631 976 invenitur
1665 919 1692 975 in

363 1017 513 1096 Pollia1).
531 1053 567 1063 -
585 1020 713 1080 Octavia
733 1037 807 1096 gens
829 1039 896 1078 cum
920 1029 1043 1096 propter
1064 1019 1208 1098 originem
1231 1020 1412 1080 Veliternum
1442 1021 1480 1078 ad
1501 1021 1690 1098 Pomptinam

364 1124 474 1182 tribum
495 1121 650 1181 referenda
671 1131 761 1194 esset,
792 1123 818 1182 si
841 1123 890 1182 lex
913 1124 1020 1182 aetatis
1041 1123 1217 1198 posterioris
1240 1123 1278 1181 ad
1300 1123 1431 1181 familias
1453 1123 1573 1182 nubiles
1596 1133 1693 1180 vetus·

363 1226 456 1283 tiores
489 1235 568 1284 recte
601 1225 818 1303 applicaretur,
852 1226 1008 1302 Augustas
1042 1235 1109 1282 ante
1142 1225 1333 1303 adoptionem
1366 1233 1419 1283 aut
1451 1227 1482 1284 in
1514 1225 1614 1284 Fabia
1645 1235 1694 1282 aut

363 1327 395 1385 in
422 1325 544 1402 Scaptia
576 1328 664 1386 luerit
695 1345 818 1387 necesse
850 1337 911 1400 est,
945 1346 1011 1386 eum
1040 1325 1200 1387 Suetonius
1229 1347 1254 1386 c.
1272 1329 1311 1386 40
1341 1328 1391 1405 (cf.
1408 1328 1486 1404 Eph.
1502 1327 1552 1386 ΙΙΙ
1574 1347 1603 1403 p.
1621 1325 1692 1400 233)

365 1429 516 1488 Fabianus
539 1441 568 1487 et
588 1427 779 1507 Scaptienses
803 1430 926 1488 tribules
953 1431 1017 1489 eius
1040 1431 1179 1506 appellet.
1223 1431 1265 1488 At
1286 1449 1374 1506 quem
1400 1432 1449 1490 hic
1471 1431 1619 1490 hahemus
1641 1427 1693 1488 Cu.

366 1531 512 1590 Octavius
531 1531 567 1590 L.
589 1532 611 1590 f.
633 1532 755 1591 omnino
776 1532 897 1610 gentilis
920 1533 984 1591 eius
1006 1533 1181 1608 suffragium
1203 1533 1322 1591 tulitin
1345 1533 1484 1592 Aemilia.
1502 1567 1541 1578 -
1557 1532 1695 1592 Dictator
1794 1535 1795 1560 ¹

366 1631 480 1693 Caesar
501 1635 664 1694 secundum
691 1635 768 1693 idem
796 1635 1000 1694 testimoninm
1027 1645 1078 1694 sut
1104 1636 1134 1693 in
1161 1634 1258 1694 Fabia
1285 1635 1344 1693 fuit
1365 1645 1418 1693 ant
1442 1637 1473 1695 in
1496 1633 1636 1712 Scaptia;
1661 1633 1694 1692 L.

365 1736 460 1795 Iulius
488 1733 560 1796 Sex.
582 1737 602 1796 s.
624 1737 713 1795 huius
745 1745 868 1796 senatus
900 1738 1042 1811 consulti,
1074 1757 1162 1814 quem
1197 1738 1266 1796 item
1299 1739 1432 1798 eiusdem
1469 1738 1568 1816 gentis
1604 1737 1696 1796 luisse

365 1839 494 1897 dubitari
532 1859 592 1898 non
628 1850 736 1917 potest,
775 1841 804 1898 in
837 1839 917 1898 tribu
950 1841 1052 1917 aliqua
1083 1841 1139 1898 luit
1175 1841 1305 1898 nominis
1338 1841 1369 1900 in
1401 1861 1440 1899 nu
1476 1841 1628 1900 exeuntis.
1659 1873 1696 1882 —

365 1941 553 1999 Metellorum
592 1943 733 2014 duorum,
773 1961 898 2018 quorum
936 1943 1044 2000 tribum
1077 1944 1228 2013 novimus,
1274 1943 1349 2001 alter
1390 1943 1446 2001 luit
1486 1944 1518 2002 in
1560 1940 1697 2010 Aniensi,

366 2044 440 2102 alter
461 2044 492 2102 in
513 2044 622 2116 Fabia3
646 2044 682 2101 L.
706 2045 913 2104 Memmiorum
938 2043 971 2104 0.
995 2046 1016 2103 s.
1039 2045 1176 2116 duorum,
1203 2063 1279 2120 quos
1307 2065 1345 2103 ex
1367 2045 1469 2104 eadem
1492 2045 1583 2104 dumo
1606 2045 1697 2103 luisse

367 2154 597 2206 consentaneum
626 2157 681 2220 est,
709 2147 784 2205 alter
810 2148 841 2204 in
869 2147 1007 2206 Menenia
1035 2166 1141 2206 census
1170 2156 1225 2218 est,
1258 2148 1335 2207 alter
1362 2149 1393 2206 iu
1420 2145 1559 2218 Galeria3
1589 2145 1698 2206 similia

366 2249 436 2308 licet
461 2250 559 2308 minus
586 2259 667 2307 certa
692 2249 728 2306 de
755 2250 875 2321 Anniis,
904 2251 1078 2326 Appuleiis,
1109 2249 1233 2309 Luciliis
1260 2269 1298 2309 ex
1325 2251 1448 2309 elencho
1477 2268 1572 2328 snpra
1601 2249 1697 2325 positu

367 2351 544 2410 efficiuntur.
560 2383 600 2394 —
617 2349 816 2410 confirmatur
837 2352 927 2430 igitur
949 2351 995 2410 his
1018 2353 1196 2412 testimoniis
1219 2353 1299 2428 quod
1321 2353 1441 2413 aliunde
1463 2371 1583 2429 quoque
1613 2350 1697 2410 intel-

367 2453 475 2530 legitur
497 2453 691 2530 (Stuutsreclt
713 2452 754 2511 22
781 2473 808 2530 p.
826 2453 896 2513 356.
920 2453 994 2530 387)
1024 2454 1060 2511 ad
1090 2453 1297 2514 Gracchanum
1325 2467 1404 2515 certe
1430 2463 1557 2514 aetatem
1589 2455 1697 2512 tribum

367 2555 468 2615 lundis
495 2556 676 2629 inhaesisse,
710 2556 845 2614 homines
874 2565 971 2615 antem
999 2557 1029 2614 in
1059 2575 1095 2614 ea
1120 2559 1199 2616 tribu
1226 2557 1401 2636 suffragium
1431 2557 1553 2630 tulisse,
1581 2557 1617 2615 in
1642 2573 1699 2631 qna

367 2657 492 2735 praedia
515 2658 593 2716 forte
618 2659 770 2717 haberent.
812 2660 848 2717 Id
875 2667 980 2734 postea
1006 2667 1149 2718 mutatum
1176 2667 1238 2730 est,
1266 2660 1392 2732 scilicet,
1420 2661 1450 2718 ni
1476 2659 1582 2732 fallor,
1610 2659 1698 2717 Italia

367 2761 510 2819 universa
531 2761 569 2818 ad
591 2760 738 2819 civitatem
760 2759 927 2819 Romanam
950 2762 1096 2833 admissam
1123 2770 1186 2820 tum
1208 2763 1285 2822 enim
1307 2771 1457 2840 receptum
1479 2770 1536 2833 est,
1562 2771 1598 2820 nt
1620 2762 1698 2820 eires

368 2861 495 2921 Romani
517 2881 556 2921 ex
571 2863 740 2938 municipiis
762 2863 879 2921 oriundi
901 2862 1047 2939 duplicem
1064 2864 1284 2940 quodammodo
1303 2865 1453 2924 civitatem
1476 2873 1507 2923 et
1527 2863 1588 2941 ipsi
1611 2863 1699 2922 habe-

367 2977 433 3024 rent
454 2974 484 3023 et
505 2965 685 3024 hereditario
708 2966 772 3023 iure
794 2966 832 3024 ad
852 2975 990 3042 posterus
1010 2967 1254 3040 transmitterent,
1277 2966 1400 3026 alteram
1422 2967 1577 3045 publicam
1600 2965 1699 3044 populi

366 3066 509 3140 Romani,
543 3066 667 3126 alteram
700 3067 910 3145 municipalem
938 3075 966 3125 et
993 3088 1058 3127 cum
1085 3069 1154 3140 hac,
1188 3069 1219 3128 id
1251 3077 1297 3128 est
1324 3089 1390 3128 cum
1417 3069 1506 3128 dumo
1535 3068 1698 3146 originere,

368 3169 463 3227 trihus
496 3169 526 3227 in
559 3180 732 3245 perpetuum
773 3171 1010 3247 coniungeretur.
1068 3172 1175 3247 Itaque
1215 3172 1240 3229 si
1275 3172 1324 3248 qui
1362 3171 1434 3230 civis
1466 3170 1630 3230 Romanus
1662 3188 1698 3227 ex

368 3270 483 3348 Arpino
512 3271 656 3330 oriundus
683 3273 748 3344 fuit,
779 3293 845 3331 cum
873 3274 987 3349 origine
1013 3273 1158 3350 Arpinate
1184 3275 1247 3332 eius
1274 3274 1415 3332 territorii
1444 3273 1552 3332 tribum
1589 3272 1699 3332 Corne·

367 3373 438 3432 lium
467 3375 586 3449 etipse
612 3375 840 3451 inperpetuum
866 3376 969 3434 habuit
995 3375 1087 3433 etad
1114 3385 1251 3452 posteros
1280 3377 1467 3454 propagavit.
1511 3375 1599 3434 Haec
1627 3395 1700 3452 quae
1794 3373 1795 3444 J

369 3476 538 3535 efficiuntur
559 3495 598 3535 ex
624 3477 761 3536 tribubus
791 3487 1049 3536 monumentorum
1078 3487 1246 3536 nostrorum
1269 3479 1326 3536 hoc
1353 3487 1473 3537 senatus
1495 3479 1636 3537 consulto
1658 3497 1700 3534 re·
1794 3457 1795 3464 ἵ

369 3587 454 3656 perto
482 3597 662 3656 magnopere
689 3580 785 3638 auctis
807 3581 876 3639 licet
904 3600 980 3639 nova
1007 3599 1066 3638 non
1093 3581 1168 3650 sint,
1194 3598 1254 3638 non
1275 3580 1381 3639 inutile
1406 3581 1503 3639 estin
1525 3581 1701 3656 quaestione

372 3681 488 3742 difficili
511 3690 540 3740 et
562 3683 690 3740 obscura
711 3700 748 3740 ea
769 3701 845 3759 quae
866 3683 934 3741 ianrv
950 3683 1122 3742 tenebamus
1145 3683 1310 3742 luculenter
1332 3682 1510 3742 confirmari.

422 3976 599 4072 XXIV.
658 3977 929 4074 TITVLVS
958 3977 1652 4074 HOEROOAESAREENSIS.

455 4189 625 4262 Kassabae,
648 4192 699 4267 qui
714 4199 759 4250 est
778 4191 863 4250 locus
881 4191 956 4248 inter
971 4191 1155 4268 Magnesiam
1176 4193 1214 4250 ad
1230 4191 1366 4270 Sipylum
1387 4201 1417 4250 et
1432 4189 1554 4263 Sardes,
1573 4192 1702 4249 fortasse

373 4291 497 4368 antiqua
512 4293 749 4353 Hierocaesarea
770 4293 822 4368 (cl.
840 4291 874 4352 C.
888 4293 913 4350 1.
928 4292 981 4352 Gr.
997 4294 1039 4364 Il,
1053 4292 1147 4365 34523
1170 4293 1496 4371 Lebas·Waddingtou
1517 4315 1547 4352 n.
1564 4293 1651 4369 617),
1672 4293 1701 4349 in

352 4395 550 4466 ¹coemeterio
574 4396 703 4455 Turcico
733 4397 849 4455 titulum
876 4395 1007 4473 repperit
1034 4396 1112 4455 idem
1139 4397 1184 4454 vir
1210 4396 1285 4453 bene
1314 4396 1350 4453 de
1377 4395 1423 4454 his
1449 4396 1557 4454 litteris
1579 4396 1702 4454 meritus
1794 4459 1795 4464 .

373 4495 602 4576 Papadopulus,
631 4519 649 4556 a
675 4517 735 4574 quo
763 4509 882 4557 senatus
909 4498 1078 4556 consultum
1107 4499 1341 4574 Adramytenum
1369 4499 1485 4575 accepi,
1519 4517 1648 4574 eumque
1675 4507 1704 4554 et

374 4598 467 4658 edidit
489 4601 517 4656 iu
539 4600 728 4677 ephemeride
750 4619 841 4679 supra
864 4600 955 4659 citata
976 4603 1071 4659 musei
1094 4598 1250 4678 Smyrnaei
1273 4601 1362 4659 vol]
1383 4619 1412 4676 p.
1431 4601 1489 4660 118
1516 4608 1546 4660 et
1571 4600 1703 4675 descrip·
1794 4619 1795 4654 3

374 4707 438 4760 tum
465 4703 538 4760 mihi
565 4703 654 4763 misit.
704 4701 798 4776 Quem
825 4721 891 4762 cum
918 4702 1134 4762 intellexissem
1161 4702 1306 4780 quaedam
1334 4703 1445 4762 habere
1471 4721 1530 4760 nun
1558 4701 1702 4778 vulgaria,

374 4802 445 4862 item
462 4805 601 4866 hocloco
622 4807 709 4865 edere
724 4805 875 4878 constitui,
899 4807 1027 4864 maxime
1048 4825 1115 4866 cum
1132 4805 1291 4865 verendum
1311 4813 1402 4878 esset,
1422 4825 1459 4863 ne
1479 4805 1557 4883 apud
1572 4822 1630 4862 nus
1645 4821 1703 4862 nou
1794 4843 1795 4856 .

453 5054 478 5120 ¹)
497 5056 585 5107 Nimia
604 5057 683 5122 igitur
700 5057 794 5108 fiducia
814 5059 840 5107 in
859 5057 908 5107 hac
922 5057 980 5122 eph.
994 5059 1037 5108 111
1056 5075 1081 5123 p.
1096 5058 1149 5108 232
1165 5057 1300 5110 Claudium
1321 5057 1502 5122 imperatorem
1517 5057 1642 5109 Claudiae
1661 5054 1702 5104 tri-
1794 5031 1795 5040 ἵ

375 5146 419 5197 bui
444 5149 576 5213 adscripsi.
616 5149 737 5200 Cetcnrm
761 5158 789 5199 nt
813 5151 868 5216 ipse
893 5151 919 5200 in
944 5151 995 5200 ulia
1019 5151 1104 5212 luerit,
1131 5167 1182 5200 nun
1208 5152 1293 5201 minus
1317 5157 1386 5200 rectu
1415 5151 1523 5201 honoria
1547 5151 1601 5200 eius
1627 5161 1702 5199 eausa

377 5239 494 5290 coloniae
514 5239 546 5290 ab
566 5256 596 5290 eu
617 5243 768 5292 constitutae
787 5243 813 5290 in
834 5241 969 5292 Claudiam
988 5240 1083 5292 tribum
1103 5243 1194 5293 referri
1214 5249 1362 5308 potuerunt.
1633 5233 1637 5238 ⁵
