3618 5968
293 581 365 660 228
865 605 1048 659 mommsen

376 782 484 858 Itaque
506 781 668 840 secundum
694 781 772 838 hunc
798 781 916 876 titulgm
943 797 1060 857 qnoque
1087 780 1117 838 in
1139 780 1259 838 cohorte
1281 780 1378 856 prima
1399 785 1530 858 quinque
1552 799 1620 838 cen·

293 885 428 942 turiones
451 885 579 956 fuerunt,
600 903 706 960 nempe
721 883 834 961 primus
850 884 941 961 pilus,
962 883 1112 960 princeps,
1135 884 1278 954 hastatus,
1301 883 1441 959 princeps
1462 882 1624 959 posterior,

292 986 428 1045 hastatus
450 987 607 1064 posterior,
629 987 718 1046 iidem
740 995 838 1045 autem
854 987 985 1062 quinque
1007 985 1145 1062 optiones
1167 984 1382 1060 habuerunt1).
1427 983 1504 1043 Cum
1527 985 1570 1041 ita
1590 983 1623 1041 in

291 1089 408 1164 legione
437 1089 629 1148 inveniantur
657 1089 751 1148 fuisse
773 1089 989 1165 quinquaginta
1017 1105 1122 1146 novem
1148 1088 1336 1145 centuriones
1364 1086 1546 1161 totidemque
1570 1105 1623 1162 op-

292 1191 405 1262 tiones,
439 1192 469 1249 in
497 1192 551 1250 illo
580 1202 678 1251 autern
702 1191 847 1250 laterculo
874 1191 1031 1268 sexaginta
1057 1199 1198 1265 quattuor
1231 1189 1369 1266 optiones
1402 1199 1622 1258 enumerentur,

294 1293 408 1351 conicio
441 1295 577 1352 cohortes
603 1295 735 1370 reliquas
763 1311 852 1353 senos
879 1293 1067 1351 centuriones
1094 1309 1241 1367 senosque
1268 1292 1405 1368 optiones
1433 1289 1625 1364 habuisse²)‚

292 1395 405 1472 primae
431 1405 590 1472 postquam
616 1405 703 1455 aucta
725 1405 770 1455 est
796 1397 927 1472 quinque
953 1396 1142 1453 centuriones
1165 1394 1342 1470 praefuisse,
1369 1395 1501 1469 quinque
1526 1393 1625 1468 optio·

293 1515 361 1570 nes,
388 1502 519 1574 quinque
541 1498 705 1570 adiutores,
733 1519 800 1557 nam
827 1499 934 1556 horum
961 1515 1078 1574 quoque
1104 1497 1215 1554 mentio
1241 1495 1276 1553 fit
1300 1495 1330 1552 in
1358 1495 1445 1554 titulo
1473 1495 1510 1553 ad
1536 1495 1624 1553 resti·

294 1599 438 1658 tutionem
465 1599 596 1659 eiusdem
623 1601 761 1660 tabularii
788 1602 953 1677 pertinente
979 1599 1022 1677 (p.
1039 1597 1098 1656 227
1122 1599 1189 1656 ado.
1214 1598 1261 1672 3),
1298 1617 1393 1674 neque
1425 1599 1624 1674 incongruum

292 1710 339 1762 set
365 1702 515 1760 adiutores
541 1721 594 1762 eos
620 1703 697 1762 inter
722 1703 845 1762 LXIIII
872 1703 1008 1779 optiones
1031 1701 1190 1758 numerari.
1217 1699 1328 1757 -Ex
1359 1701 1491 1776 quinque
1522 1709 1623 1758 centu·

292 1804 426 1863 rionibus
453 1805 585 1864 cohortis
611 1805 724 1883 primae
750 1804 877 1883 Vegetio
909 1805 1021 1883 primus
1053 1813 1099 1862 est
1130 1806 1253 1862 centurio
1277 1805 1367 1878 primi
1389 1804 1460 1879 pili,
1489 1801 1624 1878 praefec-

293 1913 340 1964 tus
368 1906 538 1966 hominibus
561 1905 679 1979 0000,
710 1906 786 1966 alter
810 1911 922 1984 primus
953 1907 1082 1964 hastatus
1115 1905 1303 1982 praepositus
1337 1903 1480 1975 ducentis,
1514 1907 1624 1962 tertius

292 2016 474 2084 quartusque
503 2010 679 2086 princepsi)
715 2020 745 2068 et
777 2011 916 2068 secandus
949 2009 1078 2067 hastatus
1110 2008 1251 2085 praefecti
1284 2007 1456 2065 hominibus
1489 2007 1623 2064 centenis

293 2109 525 2187 quinquagenis3
554 2112 689 2188 quintus,
718 2113 768 2188 qui
795 2112 920 2182 excidit,
950 2127 1072 2170 necesse
1099 2122 1144 2168 est
1171 2109 1261 2168 fuerit
1286 2111 1426 2167 secandas
1444 2107 1622 2184 princeps⁴)

292 2230 399 2289 regens
425 2214 561 2272 homines
590 2224 718 2274 centum.
762 2215 797 2272 In
826 2232 885 2290 qua
917 2213 1140 2272 enumeratione
1162 2210 1307 2288 Vegetius
1340 2229 1406 2270 cum
1440 2210 1531 2269 solito
1564 2210 1624 2268 sibi

292 2333 392 2374 errore
419 2316 585 2392 veriloquio
617 2316 754 2375 vocabuli
780 2317 921 2392 deceptus
955 2315 1105 2374 hastatum
1137 2313 1263 2391 principi
1297 2311 1553 2391 praeposuerit5),
1586 2331 1624 2369 eo

294 2437 394 2476 errore
420 2417 577 2476 emendato
603 2419 718 2495 primae
744 2418 860 2476 cohorti
885 2417 1079 2494 praefuerunt
1104 2418 1219 2494 primus
1245 2415 1325 2492 pilus
1354 2413 1460 2474 0000
1487 2415 1625 2472 homines

293 2538 417 2597 regens,
444 2520 582 2597 princepe
610 2518 676 2590 00,
704 2519 843 2579 hastatus
869 2519 982 2596 primus
1003 2527 1033 2578 et
1053 2520 1193 2596 princeps
1220 2519 1369 2595 posterior
1392 2516 1458 2588 GL,
1485 2517 1625 2576 hastatus

292 2623 443 2700 posterior
464 2621 500 2695 0,
522 2623 553 2681 id
575 2624 653 2699 quod
674 2623 763 2700 plane
786 2623 925 2680 convenit
945 2641 1012 2680 cum
1033 2621 1118 2680 titulo
1139 2621 1381 2679 Lambaesitano.

376 2725 472 2783 Porro
505 2723 660 2784 rideamus
693 2725 881 2784 centuriones
919 2743 1023 2782 novem
1056 2731 1086 2781 ct
1122 2723 1352 2801 quinquaginta,
1387 2732 1461 2798 quot
1491 2723 1624 2781 fortasse

294 2827 363 2885 inde
390 2828 428 2886 ab
455 2821 652 2904 Augustot),
679 2834 756 2886 certe
782 2827 850 2886 inde
878 2828 915 2885 ab
943 2825 1099 2885 Hadriano
1125 2826 1234 2904 legioni
1261 2824 1428 2903 praefuisse
1454 2824 1624 2896 docuimus,

293 2929 402 3005 quibus
438 2929 608 2989 nominibus
644 2929 778 2988 distincti
813 2930 924 2988 fuerint
955 2937 985 2986 et
1016 2928 1162 3005 gradatim
1195 2929 1344 3005 quomodo
1376 2946 1409 2986 se
1440 2927 1624 3004 exceperint.

293 3149 496 3162 *—

372 3275 395 3338 1)
415 3277 464 3326 Hic
487 3290 607 3326 numerus
625 3281 758 3340 praeterea
783 3290 814 3324 eo
839 3276 1013 3337 confirmatur,
1038 3275 1108 3340 quod
1133 3281 1161 3324 nt
1184 3274 1240 3324 dixi
1269 3275 1380 3339 quinque
1404 3275 1521 3338 optiones
1546 3273 1624 3324 huius

295 3368 362 3417 tituli
386 3369 412 3418 in
432 3368 512 3418 altero
531 3384 556 3417 n.
572 3367 643 3418 2554
662 3375 825 3418 recensentur
842 3375 901 3432 post
920 3369 1031 3433 quinque
1051 3369 1156 3432 primos.
1188 3367 1301 3418 Omnino
1321 3367 1388 3416 tituli
1407 3383 1433 3417 n.
1448 3368 1527 3417 2554.
1549 3367 1623 3417 2555

294 3461 381 3524 scripti
401 3467 459 3510 sunt
477 3460 551 3510 annis
570 3461 670 3510 duobus
689 3461 824 3522 continuis,
845 3467 1031 3524 tenueruntque
1049 3476 1137 3510 eorum
1156 3475 1282 3510 annorum
1300 3461 1385 3524 priore
1405 3460 1518 3524 quinque
1536 3459 1554 3508 ii
1574 3457 1623 3506 ho·

294 3553 385 3612 mines,
406 3553 449 3617 qui
468 3553 544 3617 primi
564 3561 622 3604 sunt
642 3554 668 3602 in
687 3553 810 3603 laterculo
829 3569 854 3602 n.
871 3553 950 3614 2554,
977 3554 1085 3603 eundem
1111 3553 1204 3615 locum,
1230 3567 1305 3617 quem
1331 3559 1389 3618 post
1408 3567 1504 3602 annum
1524 3551 1622 3601 hebue-

293 3651 353 3694 runt
371 3646 483 3710 quinque
502 3646 619 3696 homines
637 3647 663 3696 in
683 3644 807 3696 laterculo
826 3646 873 3694 ilio
892 3647 1010 3710 proxime
1030 3646 1221 3711 subsequentes.

371 3735 395 3796 ²)
415 3739 537 3803 vegetius
557 3739 660 3803 quidem
679 3739 771 3803 quinos
791 3738 952 3788 centuriones
971 3739 1089 3788 omnihus
1108 3737 1256 3789 cohortibus
1275 3737 1405 3798 adscribit,
1432 3737 1523 3787 sedin
1543 3750 1575 3786 ea
1593 3750 1623 3785 re

296 3836 320 3878 et
339 3831 393 3894 ipse
412 3830 461 3879 sibi
481 3831 624 3880 contrarius
643 3837 688 3892 est,
715 3847 773 3880 cum
792 3831 887 3896 legioni
907 3831 994 3880 decem
1016 3831 1159 3880 cohortium
1178 3831 1338 3880 centuriones
1357 3831 1402 3878 det
1419 3829 1467 3878 LV
1487 3828 1555 3892 (²2⁸
1575 3829 1622 3878 fin.

295 3938 317 3971 c.
338 3923 385 3984 253
411 3929 501 3972 contra
524 3923 551 3972 in
577 3924 768 3988 computatione
792 3924 901 3987 legionis
927 3925 952 3984 2,
974 3923 990 3971 6
1015 3924 1176 3974 centuriones
1201 3923 1287 3972 insunt
1316 3929 1415 3972 tantum
1439 3922 1517 3972 modo
1536 3922 1569 3974 1.)
1596 3929 1624 3968 et

295 4013 371 4064 certis
390 4015 542 4064 testimoniis
561 4016 693 4077 refellitur,
719 4017 869 4079 praesertim
888 4017 962 4066 titulo
987 4016 1056 4066 inira
1075 4032 1099 4080 p.
1116 4016 1168 4066 236
1187 4032 1213 4065 n.
1228 4017 1261 4065 51
1282 4015 1387 4065 laudato
1406 4014 1452 4080 pili
1471 4014 1623 4079 posterioris

295 4104 407 4156 cohortis
431 4115 544 4172 quartae.
582 4109 632 4158 Hic
657 4109 726 4158 enim
750 4116 775 4158 et
793 4109 1005 4158 Lambaesitanus
1030 4123 1107 4173 supra
1130 4109 1225 4158 relatus
1250 4109 1316 4157 inter
1335 4123 1362 4158 se
1382 4108 1468 4159 collati
1489 4106 1623 4156 evidenter

295 4198 433 4248 ostendunt
450 4199 531 4263 pilum
550 4201 720 4264 posteriorem
739 4201 836 4250 nullum
855 4201 934 4250 fuisse
953 4201 980 4250 in
1000 4201 1106 4250 cohorte
1124 4201 1216 4264 prima,
1235 4200 1315 4250 fuisse
1334 4201 1362 4250 in
1381 4200 1495 4265 reliquis.

370 4287 395 4342 ³)
415 4291 618 4356 interpolatione
637 4293 792 4343 deteriorum
811 4292 935 4342 librorum
956 4294 977 4343 is
996 4273 1077 4343 evasit
1093 4293 1212 4360 princeps
1231 4291 1359 4342 secandus.

371 4380 395 4444 ⁴)
415 4383 505 4448 inepte
524 4385 692 4450 interpolator
711 4386 765 4435 eius
783 4387 842 4434 ioco
861 4386 967 4436 inseruit
987 4386 1103 4435 triarioru
1116 4387 1237 4454 priorem,
1258 4387 1301 4451 qui
1320 4385 1405 4436 nulius
1423 4398 1544 4448 umquam
1561 4383 1621 4434 suit.

296 4475 478 4526 Centurionem
502 4477 546 4542 qui
570 4477 665 4526 excidit
689 4477 746 4527 loeo
771 4478 887 4542 quintum
912 4479 990 4529 fuisse
1015 4479 1075 4528 inde
1093 4479 1255 4528 manifestum
1280 4485 1332 4540 est,
1366 4477 1435 4542 qnod
1457 4477 1502 4542 qni
1525 4483 1623 4526 restant

295 4567 389 4618 milites
409 4575 508 4618 centum
527 4570 617 4619 infimo
637 4576 736 4620 tentum
755 4569 810 4620 dari
830 4579 975 4635 potuerunt.

371 4658 395 4722 ⁵)
416 4660 455 4710 Cf.
476 4662 542 4711 inter
561 4662 612 4711 alia
632 4665 655 4722 i,
672 4663 719 4712 2οι
744 4662 771 4712 ia
793 4663 878 4729 primo
900 4664 955 4714 acic
972 4671 1115 4730 pugnantes
1132 4665 1268 4732 principes,
1293 4664 1320 4712 in
1341 4661 1451 4713 secunda
1470 4659 1573 4722 hastati,
1594 4663 1623 4710 ia

296 4755 372 4802 tertia
390 4752 480 4802 triarii
496 4752 660 4804 uocabantur.
699 4755 789 4820 itaque
814 4771 866 4806 non
885 4757 1036 4820 plaudemus
1055 4758 1130 4807 docto
1155 4757 1273 4822 scriptori
1298 4757 1421 4806 historiae
1444 4755 1482 4804 rei
1502 4754 1623 4804 militaris

294 4846 363 4910 apud
385 4845 517 4897 Romanos
540 4863 565 4911 p.
581 4847 614 4896 88
638 4847 688 4898 hoc
712 4855 800 4898 nostro
823 4848 881 4898 ioco
906 4865 953 4914 pro
977 4857 1081 4899 auctore
1105 4849 1224 4900 librarios
1248 4850 1389 4909 incusanti,
1415 4855 1549 4912 praeterea
1573 4863 1623 4912 pro
1687 4859 1696 4874 ·

295 4939 384 4989 triario
408 4939 494 5003 priore
518 4953 580 4990 sane
604 4939 691 5004 inepto
716 4940 877 4991 substituenti
896 4957 949 4992 non
968 4943 1050 5008 magis
1070 4949 1158 5007 aptum
1177 4943 1355 5007 posteriorem.
1390 4941 1470 5005 Apud
1488 4946 1621 4990 auctorem

295 5045 370 5095 quem
399 5032 546 5096 compilarit
573 5033 694 5097 vegetius
722 5048 809 5083 verum
835 5035 961 5084 invenerit
987 5049 1091 5085 necesse
1120 5043 1165 5097 est,
1196 5049 1253 5084 cum
1282 5035 1336 5099 ipse
1364 5033 1414 5083 sibi
1441 5032 1622 5083 contradicens

295 5121 386 5172 eodem
405 5125 487 5188 capite
505 5130 572 5174 recte
592 5125 687 5176 scribat
705 5126 814 5189 primum
835 5127 915 5190 pilum
934 5129 1080 5192 promoveri
1099 5127 1181 5178 solere
1194 5143 1226 5176 ex
1245 5127 1329 5190 primo
1348 5127 1463 5191 principe
1482 5125 1602 5189 legionis.

371 5213 395 5277 ⁶)
415 5217 483 5268 Nam
503 5218 570 5282 quod
591 5218 627 5268 ita
645 5219 796 5268 sumendum
816 5225 855 5269 est
873 5219 991 5269 Tacitum
1011 5221 1144 5284 sexaginta
1164 5221 1326 5271 centuriones
1348 5215 1446 5284 legioni
1464 5217 1620 5268 libertasse

294 5306 422 5371 tribuisse,
442 5325 498 5359 cum
519 5325 577 5360 vere
597 5318 680 5362 essent
700 5327 750 5361 uno
770 5313 862 5374 minus,
883 5327 934 5362 non
955 5327 1111 5379 magnopere
1131 5314 1222 5364 obstat.
