3684 5984
394 592 469 667 404
998 611 1119 664 eavea

457 789 505 848 34.
540 786 694 864 Aur(elio)
714 784 883 847 Secundino
906 784 1085 861 quond(am)
1106 787 1167 844 dec.
1187 785 1305 861 corti[s]
1325 784 1425 863 IUlp.
1442 785 1540 844 Pano.
1557 785 1625 860 e[x]
1643 785 1726 859 sing,

394 892 462 968 stip.
486 890 559 960 XX,
581 890 643 947 vix.
667 908 705 946 an
727 887 860 947 XLllll.
882 921 924 930 —
945 889 1030 939 Albae
1049 891 1153 955 Regiae.
1190 890 1241 950 111,
1263 889 1343 939 3350.

458 994 505 1053 35.
540 991 700 1051 Cornelius
717 987 879 1049 Genetiros
902 990 1021 1048 decurio
1038 1009 1075 1048 ex
1091 991 1167 1067 sing.
1191 1022 1229 1032 -
1253 1007 1277 1055 p.
1293 991 1323 1041 c.
1340 993 1399 1042 189.
1429 992 1549 1057 Aquinci.
1579 992 1635 1052 111,
1651 990 1728 1041 3494.

394 1095 538 1155 Fortasse
559 1095 590 1152 hi
613 1111 733 1171 quoque
755 1092 831 1150 inter
854 1091 968 1168 pedites
991 1093 1159 1168 singulares
1182 1093 1330 1152 referendi
1353 1101 1431 1150 sunt.

399 1228 405 1240 ·
459 1199 507 1257 36.
541 1196 660 1255 Vettius
683 1195 831 1254 Martinus
854 1194 928 1270 sing.
973 1198 1020 1256 VI,
1042 1198 1121 1246 3280.

396 1301 585 1376 Quamquam
601 1297 721 1357 Vettius
737 1315 889 1356 enumero
910 1297 1042 1372 equitum
1061 1297 1257 1373 singularium
1273 1296 1460 1356 dominorum
1477 1305 1653 1355 noshorum
1669 1298 1730 1368 snit,

395 1411 494 1462 tamen
514 1403 579 1478 ipse
594 1401 643 1459 hic
657 1398 770 1470 titulus,
793 1399 822 1456 in
846 1417 905 1474 quo
928 1407 1176 1457 commemoratur
1198 1419 1344 1459 unacum
1366 1399 1474 1475 lul(io)
1497 1397 1648 1460 Severius
1671 1399 1730 1474 b(e·

398 1502 574 1577 neficiario),
597 1503 641 1560 ita
662 1509 850 1579 comparatus
874 1513 929 1573 est,
957 1511 990 1558 ut
1016 1517 1089 1559 suro
1115 1511 1185 1560 nota
1210 1521 1316 1560 munus
1338 1501 1461 1578 aliquod
1482 1502 1650 1580 significari
1676 1502 1732 1559 reri

399 1608 495 1667 simile
518 1606 566 1664 sit.

397 1710 485 1787 [Mihi
511 1708 627 1786 equites
654 1707 828 1784 peditesque
856 1708 1025 1784 singulares
1053 1708 1160 1785 legatis
1187 1708 1406 1784 provinciarum
1435 1717 1464 1765 et
1490 1709 1658 1784 praefectis
1685 1708 1731 1764 tri·

397 1812 544 1888 bonisque
565 1811 707 1886 praetorii
729 1811 830 1868 eadem
853 1810 951 1869 officia
972 1811 1158 1887 praestitisse
1186 1810 1332 1881 videntur,
1362 1830 1438 1886 quae
1466 1811 1654 1886 praetoriani
1683 1811 1732 1867 mi·

396 1915 464 1974 lites
488 1921 640 1990 praestant
661 1913 726 1970 duci
750 1913 892 1991 legitimo,
915 1915 1014 1989 itaque
1037 1923 1096 1971 tam
1119 1913 1233 1989 pedites
1255 1913 1311 1971 hos
1334 1932 1421 1989 quam
1449 1914 1563 1988 equites
1586 1914 1732 1988 quodam·

398 2018 486 2076 modo
515 2035 669 2074 numerum
703 2015 850 2074 formasse
883 2036 901 2074 a
931 2016 1047 2091 reliquo
1080 2017 1214 2075 exercitu
1246 2024 1448 2093 segregatum3
1486 2035 1554 2072 nam
1580 2025 1613 2074 et
1646 2035 1733 2091 saepe

397 2139 453 2197 pro
480 2137 602 2177 numero
630 2118 703 2176 daut
724 2117 920 2193 dedicaritque
947 2127 976 2176 et
1002 2125 1100 2177 tuetur
1122 2120 1198 2176 hanc
1221 2119 1451 2194 explicationem
1474 2118 1608 2193 equitum
1634 2119 1731 2195 singu-

397 2221 504 2280 larium
526 2220 714 2297 imperatoris
737 2221 930 2297 comparatio.
967 2219 1034 2278 Hoc
1056 2221 1266 2296 probabilitate
1287 2239 1344 2279 nou
1366 2229 1447 2278 caret
1467 2231 1623 2279 secutores
1642 2242 1661 2278 a
1677 2221 1732 2278 sin·

398 2323 551 2400 gularibus
567 2342 598 2380 re
614 2341 673 2381 non
689 2322 824 2381 diversos
840 2323 944 2394 fuisse,
967 2323 1019 2382 sed
1043 2323 1155 2381 honore
1177 2323 1346 2394 inferiores3
1371 2324 1413 2380 ita
1434 2324 1511 2380 enim
1534 2333 1616 2381 reete
1640 2324 1732 2400 expli-

399 2432 491 2496 catur,
517 2425 598 2501 quod
619 2425 788 2502 praesidum
813 2437 842 2483 et
864 2426 1078 2501 praefectorum
1100 2426 1250 2502 praetorio
1273 2435 1425 2484 secutores
1448 2445 1506 2484 non
1530 2427 1630 2504 magis
1653 2447 1732 2502 repe·
1810 2431 1811 2434 ’

399 2529 517 2586 riuntur
537 2547 627 2604 quam
650 2527 817 2602 singulares
840 2528 1027 2586 tribunorum
1050 2529 1183 2604 vigilum,
1206 2547 1272 2586 cum
1297 2529 1394 2587 medio
1416 2527 1483 2586 loco
1505 2527 1600 2605 positi
1624 2528 1732 2586 tribuni
1810 2489 1811 2580 1

400 2631 581 2707 praetoriani
603 2637 760 2706 utrumque
782 2649 876 2707 genus
899 2630 1065 2688 admittant.
1109 2630 1166 2688 Th.
1190 2629 1245 2704 M.]

1024 3108 1104 3184 Vll.
1625 3183 1629 3191 a
1810 3118 1811 3174 ι

775 3248 839 3322 ou
866 3247 1120 3324 securene
1148 3247 1356 3323 rursum.

416 3494 420 3500 -
485 3457 562 3516 Cum
585 3458 753 3536 singulares
780 3459 807 3515 ei
833 3455 905 3515 dicti
930 3458 999 3529 sint,
1028 3458 1080 3532 qui
1108 3466 1160 3515 aut
1184 3456 1300 3536 legatos
1323 3464 1375 3515 aut
1398 3457 1534 3515 tribunos
1558 3458 1735 3517 comitaren-

403 3562 577 3636 turcisque
599 3561 808 3618 mandantibus
832 3577 951 3635 semper
973 3568 1093 3636 praesto
1115 3570 1224 3632 esseut,
1254 3559 1374 3618 difficile
1401 3569 1448 3618 est
1475 3559 1637 3631 intellectu,
1666 3561 1734 3638 quid

402 3663 570 3723 interfuerit
593 3663 671 3720 inter
699 3682 750 3720 eos
778 3672 807 3720 et
833 3671 986 3720 secutores
1009 3663 1203 3720 tribunorum.
1246 3663 1352 3738 Itaque
1376 3681 1434 3721 nou
1457 3662 1520 3720 sine
1544 3662 1647 3738 aliqua
1668 3683 1735 3742 pro·
1810 3713 1811 3746 p

402 3767 555 3825 habilitate
582 3763 685 3840 Lange
716 3765 745 3821 in
776 3763 913 3822 Historia
942 3765 1138 3823 mutationum
1170 3765 1211 3822 rei
1242 3765 1380 3822 militaris
1406 3763 1610 3823 Romanorum
1644 3787 1674 3842 p.
1698 3767 1736 3822 50

402 3867 528 3926 coniecit
550 3866 717 3942 singulares
742 3875 772 3924 et
798 3875 949 3925 secutores
976 3867 1051 3924 nihil
1078 3866 1159 3924 aliud
1186 3866 1244 3924 nisi
1271 3866 1406 3926 diversos
1433 3868 1543 3944 gradus
1570 3868 1599 3925 in
1631 3868 1733 3926 eodem
1810 3864 1811 3958 l

403 3989 510 4046 genere
536 3967 711 4027 obtinuisse.
754 3968 839 4026 Haeo
867 3969 1035 4028 coniectura
1062 3988 1097 4027 eo
1124 3970 1254 4028 maxime
1281 3968 1513 4040 commendatur,
1540 3971 1623 4045 quod
1651 3989 1735 4029 secu·

403 4081 484 4129 tores
511 4071 568 4128 nisi
595 4071 780 4128 tribunorum
807 4071 878 4128 nulli
906 4079 987 4144 sunt,
1021 4072 1187 4148 singulares
1216 4083 1313 4130 autem
1342 4073 1507 4150 legatorum
1535 4073 1610 4130 satis
1642 4073 1736 4140 multi,

404 4173 590 4232 tribunorum
612 4173 762 4248 perpauci.
805 4173 911 4250 Itaque
936 4175 983 4232 his
1009 4174 1080 4232 illos
1103 4175 1258 4233 inferiores
1280 4175 1373 4234 fuisse
1396 4183 1533 4250 apparet;
1562 4177 1644 4249 quod
1667 4195 1735 4232 con·

404 4274 539 4333 firmatur
563 4275 666 4333 ordine
692 4294 845 4333 munerum
872 4277 901 4334 in
929 4276 1014 4334 titulo
1036 4277 1247 4335 Beneventano
1269 4277 1327 4347 IX,
1345 4277 1422 4334 1617
1446 4303 1482 4326 =
1503 4276 1528 4334 Ι.
1542 4276 1581 4334 R.
1597 4275 1637 4335 N.
1657 4277 1734 4335 1159
1810 4267 1811 4278 ’

406 4387 534 4435 servato.
581 4375 640 4437 Sed
662 4379 737 4436 miro
760 4395 841 4446 casu,
868 4379 892 4436 si
919 4379 944 4438 is
966 4395 1053 4436 casus
1076 4379 1141 4451 luit,
1167 4380 1355 4450 factumest,
1383 4389 1416 4436 ut
1442 4386 1594 4437 secutores
1617 4388 1736 4456 praeter
1810 4433 1811 4440 ,

407 4479 541 4537 militiam
565 4480 710 4538 urbanam
732 4480 794 4538 fere
818 4479 890 4536 nulli
914 4482 1024 4538 servati
1047 4481 1116 4539 sint.

491 4581 514 4638 l.
559 4581 599 4639 Et
621 4582 746 4658 primum
770 4581 888 4656 quidem
911 4583 942 4639 in
964 4582 1135 4641 cohortibus
1159 4584 1317 4658 praetoriis
1340 4585 1414 4641 duos
1438 4585 1566 4661 repperi:
1810 4623 1811 4682 q

472 4685 497 4739 l.
532 4701 572 4740 se.
596 4683 638 4758 (i)
662 4683 701 4741 M.
724 4682 850 4742 Lollius.
887 4687 953 4750 Eph.
967 4688 1013 4747 IV,
1036 4685 1156 4748 8thss
1175 4709 1208 4728 =
1229 4688 1319 4749 QVI,
1339 4689 1420 4748 2385,
1440 4689 1466 4737 iu
1481 4690 1604 4738 laterculo
1618 4691 1733 4738 militum.

471 4785 497 4841 2.
531 4784 572 4843 M.
597 4783 717 4860 Sil(ius)
739 4786 936 4844 Romuliunus
958 4787 1018 4844 mil.
1043 4786 1186 4845 coh.Vll
1209 4808 1253 4864 pr.
1278 4787 1593 4862 (centur·ia)Victoris,
1621 4797 1735 4848 secutor
1810 4775 1811 4802 ¹

407 4887 485 4958 trib,
508 4887 584 4943 vixit
605 4905 673 4944 aun.
696 4887 831 4957 XXVII,
854 4889 915 4946 mil.
939 4909 1007 4946 ann.
1025 4889 1093 4946 Vll.
1116 4922 1156 4931 -
1177 4893 1224 4952 Vl,
1245 4893 1324 4942 2659.

490 4987 532 5046 Il.
576 4987 714 5046 Totidem
737 4991 766 5046 in
790 4989 961 5048 cohortibus
984 4991 1119 5049 urbanis:

471 5091 498 5148 3.
532 5091 573 5148 Μ.
597 5092 709 5150 Antoni
732 5091 771 5148 M.
796 5091 814 5148 f.
838 5092 911 5150 Fab.
935 5093 1048 5151 Phoebi
1072 5094 1132 5151 mil.
1148 5093 1211 5150 coh.
1229 5091 1304 5151 XIV
1321 5096 1383 5152 urb.
1407 5093 1568 5170 (centuria)
1592 5095 1734 5154 Perennis

408 5192 624 5267 stipendiorum
648 5193 720 5264 llll,
743 5203 862 5252 secutor
885 5194 1005 5266 tribuni,
1028 5197 1090 5252 vix.
1114 5215 1182 5252 arun.
1206 5195 1265 5253 XX
1288 5215 1325 5253 m.
1341 5196 1385 5253 Vl
1405 5197 1481 5255 dieb.
1498 5197 1559 5254 XX
1575 5199 1604 5255 h.
1620 5197 1673 5256 lll.
1695 5229 1730 5238 -

408 5296 454 5357 vr,
476 5294 555 5346 2931.
