3770 5970
832 626 1107 678 anTnMENTA
1134 625 1219 677 VOL.
1239 625 1283 675 111

827 1001 1011 1078 MOESIA
1037 999 1281 1077 INFERIOR.

722 1190 869 1250 novun
892 1191 1025 1268 (sinu)
1048 1191 1090 1267 (p.
1111 1190 1179 1248 111.
1196 1189 1265 1249 eea
1285 1189 1387 1266 rose).

386 1329 450 1390 1³³
478 1350 530 1389 ara
555 1349 650 1406 parva
675 1327 804 1388 Sticleae
827 1349 844 1387 a
867 1327 969 1389 Sistov
991 1329 1146 1387 meridiem
1167 1347 1272 1386 versus
1294 1347 1371 1405 rep,
1398 1327 1487 1386 hodie
1511 1325 1724 1402 (Bukurestii)

429 1433 508 1510 apud
531 1430 565 1492 C.
582 1431 708 1490 Bolliac.

822 1529 840 1572 C
874 1545 881 1558 ·
916 1529 1077 1573 ERSIDINVS
1114 1545 1120 1558 ·
1155 1529 1286 1574 sExsTVS

820 1633 873 1675 rnrr
891 1647 898 1660 ·
915 1633 970 1674 rso
987 1647 993 1661 ·
1008 1623 1021 1674 i
1036 1646 1042 1660 ·
1059 1633 1135 1675 rrnur
1151 1647 1158 1660 ·
1175 1632 1287 1676 vorvrn

820 1735 956 1778 nencvts
979 1749 985 1762 ·
1010 1734 1120 1777 sonvrr
1139 1748 1146 1761 ·
1167 1733 1287 1776 nsnrro

386 1860 562 1936 Ephemeris
587 1858 792 1917 Bukurestiua
821 1860 981 1949 Ibompetta
1009 1857 1175 1933 Carpatilor
1201 1856 1249 1916 29.
1270 1858 1347 1934 Aug.
1374 1856 1452 1916 1876
1480 1874 1509 1932 q.
1529 1875 1558 1914 n.
1579 1875 1606 1914 v.
1635 1855 1726 1931 (inde

387 1961 544 2020 Toiilescu
567 1961 645 2039 apud
667 1961 904 2021 Hirschfeldium
927 1961 1023 2018 Mitti.
1043 1963 1055 2016 I
1082 1979 1110 2035 p.
1128 1959 1191 2034 73).

970 2589 1134 2666 DAOIA.

913 2769 1061 2828 Auctores
1084 2768 1199 2827 Dacici.

430 2908 542 2985 Accepi
569 2927 587 2966 a
608 2906 754 2966 Lucianio
780 2927 847 2965 meo
870 2905 1006 2966 VenetIIa
1032 2906 1169 2984 syllogen
1194 2905 1421 2982 inscriptionum
1445 2905 1573 2966 CCXIII
1595 2908 1726 2984 scripta·

386 3031 451 3070 rum
478 3011 581 3069 eadem
610 3028 713 3081 manu,
746 3027 822 3084 quae
844 3009 939 3067 titulis
961 3027 1102 3067 numeros
1125 3014 1245 3085 quoque
1267 3009 1442 3086 adscripsit,
1469 3010 1617 3068 adiunctis
1639 3011 1728 3069 sche-

386 3114 433 3173 dis
460 3112 529 3170 aliis
558 3112 722 3187 scripturae
745 3121 775 3169 et
795 3111 908 3170 formae
930 3111 1079 3182 diversae,
1108 3110 1145 3168 de
1166 3111 1274 3186 quibus
1295 3120 1402 3188 postea
1423 3129 1480 3170 suo
1501 3112 1568 3170 Ioco
1599 3113 1730 3172 dicetur.

387 3213 613 3276 Schediasmata
637 3215 711 3272 haec
738 3232 804 3272 cum
832 3212 973 3272 vidIssem
998 3214 1108 3271 habere
1136 3214 1283 3290 quaedam
1311 3232 1371 3272 non
1397 3213 1534 3291 vulgaria
1560 3223 1590 3271 et
1617 3215 1727 3292 augeri

386 3319 454 3376 inde
480 3335 569 3394 posse
596 3325 773 3394 apparatum
801 3333 889 3390 quem
918 3315 1061 3374 habemus
1084 3309 1335 3393 epIgraphicum,¹
1351 3316 1508 3392 impetravi
1530 3335 1549 3373 a
1569 3317 1727 3393 praefecto

386 3419 585 3480 bibliothecae
612 3426 744 3488 nostrae,
772 3425 804 3476 ut
831 3418 857 3475 ei
887 3418 1075 3476 inferrentur.
1119 3417 1176 3475 Illa
1199 3417 1317 3494 sylloge
1338 3418 1567 3494 inscriptionum
1590 3415 1728 3477 CCXIII

387 3531 434 3581 est
461 3521 579 3580 abbatis
607 3521 726 3580 Fonrrs
756 3539 792 3578 ea
818 3521 900 3597 ipsa,
928 3538 1016 3596 quam
1045 3520 1103 3578 vol.
1124 3520 1173 3577 III
1201 3538 1230 3595 p.
1250 3519 1308 3577 777
1333 3538 1357 3578 c.
1378 3519 1535 3578 XXXVII
1557 3520 1731 3596 significavi

387 3623 515 3684 delatam
542 3623 579 3681 ad
607 3621 795 3683 Silvestrium
828 3621 941 3680 frustra
965 3622 995 3678 in
1022 3622 1202 3680 bibliotheca
1228 3621 1396 3700 Rovigensi
1421 3641 1440 3680 a
1471 3641 1518 3679 me
1550 3622 1730 3699 indagatam

386 3744 463 3785 esse.
511 3723 690 3800 Exemplum
717 3725 799 3798 quod
823 3733 959 3782 nostrum
986 3724 1110 3782 fecimus
1136 3743 1196 3782 non
1217 3725 1317 3802 ipsum
1346 3733 1391 3784 est
1419 3723 1545 3783 aForti
1572 3727 1729 3802 perscrip-

386 3839 463 3899 tum,
496 3846 562 3885 curn
588 3835 658 3903 post
681 3844 710 3882 n.
735 3805 792 3883 171
819 3826 937 3902 legatur
962 3821 1025 3882 ‘Ab
1055 3825 1157 3884 Fortis
1185 3823 1370 3904 exscripsit,
1403 3827 1472 3884 item
1501 3827 1611 3904 pagina
1643 3827 1729 3886 inse·

387 3930 487 4006 quenti
515 3930 642 4004 scriptor
671 3927 819 4004 significet
849 3928 995 4003 quasdam
1028 3928 1239 4003 inscriptiones
1267 3947 1300 3987 se
1332 3949 1349 3987 a
1376 3929 1461 3987 Forti
1486 3928 1640 4005 accepisse
1669 3931 1729 4004 (me

387 4033 413 4090 le
445 4033 491 4089 dte
523 4035 552 4088 in
589 4033 674 4106 copia
702 4029 769 4087 l’an.
802 4029 917 4087 Fortis:
952 4041 1032 4106 tango
1065 4031 1089 4087 il
1113 4032 1208 4106 soylr'o
1239 4030 1380 4107 colante),
1413 4031 1539 4107 denique
1572 4031 1731 4092 Marulina

387 4133 516 4208 scriptor
551 4131 641 4190 addat
674 4132 870 4190 describenda
904 4131 962 4190 sibi
994 4131 1113 4191 dedisse
1147 4131 1269 4190 Fortem
1301 4133 1358 4191 hoc
1391 4153 1416 4190 a.
1448 4133 1537 4191 1773.
1595 4131 1731 4212 Scripsit

386 4235 417 4294 id
449 4235 577 4292 fortasse
610 4233 719 4292 Petrus
752 4233 953 4303 Barnaeum,
993 4234 1076 4292 cuius
1110 4254 1168 4292 una
1201 4254 1266 4292 cum
1305 4235 1361 4293 hac
1400 4235 1517 4313 sylloge
1553 4237 1730 4311 accepimus

387 4337 544 4414 epistulam
571 4337 709 4412 scriptam
740 4335 776 4392 ad
804 4337 900 4393 virum
924 4335 1042 4393 doctum
1065 4336 1167 4394 nescio
1189 4354 1276 4411 quem
1300 4337 1336 4394 de
1359 4337 1445 4394 titulo
1467 4355 1506 4394 ex
1530 4337 1602 4394 urbe
1625 4337 1730 4398 Cone-

386 4440 519 4515 glianum
552 4438 649 4496 delato
677 4437 801 4495 Flaviae
827 4419 1001 4496 Victorinae
1030 4437 1101 4513 (vol¹
1120 4437 1148 4493 V
1176 4459 1204 4496 11.
1229 4437 1386 4513 troiam
1417 4440 1594 4514 quicumque
1624 4451 1729 4500 auteur

386 4542 453 4612 fuit,
483 4540 712 4618 diligentissime
734 4539 902 4616 exemplum
925 4540 1003 4597 fecit.
1050 4537 1213 4599 Continent
1234 4540 1450 4598 schediasmate
1477 4541 1550 4598 haec
1574 4551 1636 4600 tam
1659 4541 1729 4602 Da·

386 4643 450 4702 cica
472 4661 562 4718 quam
584 4641 772 4712 Dalmatica3
794 4651 823 4700 et
845 4641 958 4700 Dacica
980 4641 1098 4718 quidem
1123 4643 1197 4701 haec
1220 4653 1298 4701 sunt.

431 4748 457 4804 1.
501 4746 538 4804 In
566 4745 683 4822 sylloge
711 4744 958 4820 epigrammatum
982 4741 1118 4804 CCXIII
1144 4745 1273 4820 primurn
1296 4745 1393 4803 locum
1416 4745 1530 4804 obtinet
1550 4747 1730 4823 exemplum

387 4848 522 4925 syllegae
548 4847 681 4906 Dacicae
703 4845 857 4917 Mezerzii,
880 4863 970 4922 quanr
993 4846 1115 4904 Fortem
1140 4845 1277 4906 Sebeniei
1300 4847 1452 4906 invenisse
1474 4857 1505 4906 et
1525 4847 1732 4926 descripsisse

385 4961 489 5010 notum
522 4949 616 5024 eetl).
670 4949 894 5024 Praeseriptum
929 4959 990 5006 est:
1029 4944 1212 5026 ‘exemplum
1245 4957 1395 5025 sumptum
1430 4968 1467 5006 ex
1502 4949 1605 5008 libello
1640 4962 1733 5010 auto-

464 5135 487 5200 ¹)
514 5135 828 5202 videvol.111p.154.
867 5137 1059 5188 Koraclrichius
1083 5139 1118 5189 ibi
1145 5139 1237 5190 citatus
1261 5155 1319 5188 cum
1339 5139 1436 5188 scribat
1455 5139 1613 5190 Verantiana
1634 5149 1732 5204 postea

386 5230 459 5280 illata
478 5245 533 5280 esse
552 5230 681 5280 tabulario
703 5228 896 5292 Szechenyano,
921 5245 979 5280 meo
1003 5237 1094 5295 rogatu
1113 5231 1241 5285 Siekeliua
1261 5239 1313 5282 tam
1327 5231 1398 5282 resti
1419 5245 1497 5296 quam
1517 5231 1599 5284 Grani
1619 5239 1648 5281 nt
1668 5233 1732 5284 dili-

385 5293 534 5386 genlissime
553 5323 737 5388 indagarentur
757 5323 855 5373 curavit
873 5336 956 5387 neque
974 5323 1080 5374 invenit.
