3640 5976
418 651 502 723 ‘528
772 709 776 716 .
1001 667 1183 720 uouusau

427 845 536 916 mania,
558 843 596 900 ad
617 843 715 900 lenum
739 842 897 901 secandum
918 841 949 900 in
972 841 1128 918 Africa¹).
1161 839 1221 901 sed
1243 841 1388 900 stationes
1410 840 1477 917 (eas
1493 841 1636 900 nimirum
1652 843 1746 918 qmbus

425 946 598 1006 Hadrianus
620 945 781 1022 imperator
807 945 838 1003 in
860 945 998 1003 contione
1025 945 1067 1002 ait
1092 943 1275 1020 legionarios
1297 944 1459 1003 Africanos
1486 943 1628 1003 distineri
1657 945 1745 1003 multis

425 1057 456 1107 et
482 1047 623 1124 diversIs)
656 1047 833 1123 occupantia
858 1045 1009 1124 praesidia
1039 1045 1218 1122 legionaris,
1255 1065 1291 1105 ea
1316 1047 1442 1121 scilicet,
1478 1047 1636 1123 aquibus
1664 1048 1747 1122 burga

425 1151 621 1210 aedificantur
644 1159 674 1209 et
699 1149 919 1220 custodiuntur,
946 1153 1016 1207 item
1039 1147 1144 1207 eodem
1168 1148 1287 1208 nomine
1308 1156 1431 1208 utuntur
1452 1148 1525 1225 (vol.
1536 1148 1619 1207 VIII
1642 1170 1672 1208 n.
1688 1151 1712 1205 l.
1726 1149 1745 1204 i.

426 1251 516 1312 2482.
541 1252 645 1328 8796).
682 1251 729 1309 Ea
749 1251 826 1310 euim
849 1258 935 1309 utre
957 1250 1080 1310 stabilia
1105 1257 1204 1322 erant,
1231 1251 1273 1309 ita
1295 1251 1333 1309 ad
1355 1251 1571 1310 ordinationem
1595 1251 1746 1309 militarem

425 1374 484 1415 non
507 1354 703 1433 pertinebant,
724 1373 779 1413 nec
798 1354 849 1430 qui
868 1354 913 1412 eis
929 1361 1088 1430 praeerant
1106 1365 1217 1412 certum
1237 1354 1271 1412 'in
1293 1353 1440 1412 honorum
1460 1354 1557 1431 gradu
1578 1353 1685 1411 locum
1707 1353 1747 1408 ob

424 1458 559 1517 tinebant
579 1476 634 1516 nec
655 1456 764 1515 milites
786 1456 982 1532 praesidiarii·
993 1464 1114 1533 propter
1133 1475 1171 1514 ea
1188 1463 1343 1514 numerum
1365 1457 1529 1514 mutabant.
1562 1455 1746 1514 Praesidium

424 1560 482 1620 hoc
508 1560 659 1638 octoginta
686 1559 747 1616 fere
774 1558 902 1618 militnm
931 1558 1013 1634 (nam
1039 1575 1218 1634 quamquam
1239 1557 1319 1635 lapis
1341 1557 1420 1616 infra
1440 1559 1586 1634 abruptus
1615 1569 1676 1626 est,
1697 1577 1746 1615 noa

424 1662 517 1722 multa
538 1661 704 1720 interierint
724 1678 846 1720 necesse
867 1668 925 1732 est,
946 1679 1012 1718 cum
1028 1659 1143 1738 pedites
1159 1660 1287 1738 legionis
1306 1658 1405 1718 adsint
1426 1659 1544 1735 omnes)
1567 1661 1748 1719 consistebat

422 1766 452 1823 in
475 1764 603 1823 confinio
619 1763 801 1822 Moesiarum
819 1763 955 1835 duarum,
969 1763 1131 1840 partinens,
1153 1773 1185 1820 ut
1199 1761 1331 1821 ostendit
1344 1770 1405 1820 tam
1420 1763 1539 1839 legatus
1555 1780 1652 1838 quam
1668 1763 1746 1839 legio,

422 1868 460 1926 ad
486 1867 646 1926 exercitum
674 1865 845 1941 provinciae
865 1865 1026 1924 inferioris.
1063 1863 1162 1940 Quam
1183 1865 1221 1922 ob
1246 1883 1368 1924 causam
1396 1865 1501 1923 titulus
1523 1864 1688 1924 dedicatus
1710 1867 1748 1932 sit,

422 1989 482 2029 non
503 1969 685 2046 intellegitur
699 1967 853 2026 deficiente
868 1967 1028 2046 principio;
1050 1967 1180 2026 fortasse
1202 1965 1330 2027 numinis
1353 1967 1506 2027 cuiusdam
1522 1969 1696 2026 sacrarium
1709 1967 1746 2022 rel

421 2071 610 2150 imperatoris
631 2070 679 2128 Pii
703 2079 832 2129 statuam
854 2069 1014 2146 aliquando
1037 2070 1170 2128 ornabat.

503 2173 665 2250 Legionem
681 2173 728 2230 XI
744 2169 902 2232 Claudiam
917 2173 1080 2248 imperante
1095 2171 1228 2231 Traiano
1244 2191 1383 2232 noramus
1399 2171 1580 2232 Germaniae
1605 2174 1747 2252 superiori

421 2273 663 2355 praesedisse²)‚
695 2276 858 2351 imperante
884 2275 988 2333 Marco
1010 2275 1140 2333 Moesiae
1167 2275 1351 2352 inferiorii).
1395 2274 1462 2350 Quo
1491 2285 1631 2351 tempore
1659 2287 1749 2334 castra

420 2387 566 2438 mutasset
590 2396 655 2437 cum
682 2377 779 2436 adhuc
804 2378 1001 2456 ignoraretur,
1028 2377 1080 2435 alii
1108 2377 1144 2435 de
1170 2377 1248 2436 bello
1271 2378 1492 2436 Marcomanico
1513 2378 1613 2436 Marci
1644 2379 1748 2456 cogita·

423 2479 579 2559 verunt⁴),
602 2479 653 2539 alii
674 2479 711 2537 de
725 2476 1034 2554 DacicisTraiani⁵).
1068 2479 1156 2538 Illam
1178 2481 1377 2538 coniecturam
1399 2481 1459 2539 iam
1474 2480 1637 2557 redarguit
1653 2482 1748 2538 titulus

420 2603 508 2661 quem
530 2583 644 2642 edimus
665 2581 814 2661 legionem
835 2601 862 2639 a.
882 2582 938 2641 155
960 2582 1126 2658 imperante
1145 2581 1202 2640 Pio
1217 2586 1248 2641 in
1266 2583 1383 2642 Moesia
1399 2582 1568 2653 collocans3
1590 2583 1673 2642 haec
1688 2603 1749 2661 pro

420 2686 529 2745 babilis
551 2695 606 2745 est.

503 2786 610 2848 Castra
630 2787 758 2864 legionis
780 2786 828 2846 XI
854 2786 972 2846 saeculo
997 2788 1085 2846 tertio
1107 2797 1234 2847 exeunte
1255 2795 1284 2846 et
1305 2788 1445 2865 deinceps
1468 2787 1565 2846 fuisse
1588 2786 1749 2847 Durostori

419 2890 584 2965 constatss).
629 2887 690 2951 Sed
716 2889 846 2949 secundo
872 2908 939 2949 cnm
961 2891 991 2948 in
1012 2889 1119 2948 iisdem
1142 2892 1250 2949 castris
1272 2889 1451 2967 legleneml
1472 2889 1615 2949 Italicam
1645 2893 1748 2950 consti

418 2996 492 3053 tisse
513 3002 617 3052 auctor
638 2993 679 3051 sit
697 2992 897 3066 Ptolemaeus,
925 2993 978 3051 sub
1002 2991 1058 3049 Pio
1080 2991 1150 3052 alibi
1173 2997 1202 3050 in
1225 2992 1343 3052 Moesia
1363 2991 1521 3064 tetenderit
1542 3010 1676 3052 necesse
1698 3003 1748 3052 est

419 3097 481 3155 Iam
504 3114 569 3155 cum
591 3095 623 3153 in
645 3114 681 3154 ea
701 3095 855 3172 provincia
875 3105 961 3153 terna
982 3105 1081 3153 castra
1101 3094 1266 3171 legionaria
1286 3094 1395 3154 inerint
1417 3093 1575 3154 Novensia
1595 3095 1748 3155 Durosto

420 3199 518 3258 rensia
537 3197 764 3270 Troesmensia,
786 3198 835 3256 hic
856 3197 960 3256 titulus
981 3197 1013 3255 in
1035 3207 1168 3256 extremo
1190 3198 1316 3257 castello
1338 3196 1378 3256 ad
1399 3198 1583 3257 occidentem
1607 3199 1747 3258 inventus

495 3423 518 3487 ¹)
544 3424 689 3476 Brambaoh
708 3425 810 3474 n.67‘2.
829 3423 965 3474 Vol.VIII
984 3425 1105 3476 masaa.
1138 3424 1344 3490 OiMsrquardt
1363 3421 1528 3475 Stantanerm.
1550 3427 1660 3488 2449.

493 3515 517 3580 ²)
542 3517 687 3568 Brambach
706 3533 732 3566 n.
747 3517 825 3566 1666.

492 3607 517 3671 ⁸)
543 3610 692 3660 Laterculns
709 3609 840 3674 legionum
860 3609 972 3668 urbanus
992 3609 1087 3660 volVI
1105 3625 1132 3659 n.
1147 3609 1217 3660 3492
1237 3610 1345 3674 scriptus
1363 3611 1430 3660 inter
1449 3609 1612 3661 Hadrianum
1634 3619 1663 3661 et
1681 3613 1747 3663 Mar

417 3719 474 3754 cum
500 3701 570 3764 (uam
588 3703 703 3768 legiones
722 3709 772 3751 tres
792 3716 807 3751 a
826 3703 923 3754 Severo
943 3701 1059 3764 additae,
1084 3702 1194 3752 tortasse
1218 3703 1294 3752 etiam
1314 3702 1380 3752 duae
1399 3701 1503 3752 additae
1523 3717 1538 3752 a
1559 3704 1657 3754 Marco
1676 3716 1746 3755 extra

416 3797 531 3846 ordinem
545 3795 572 3844 in
585 3795 636 3844 tine
649 3794 762 3844 adiectae
776 3793 842 3855 aaut)
857 3794 971 3858 legIones
984 3794 1290 3868 enumerans-secundum
1303 3795 1420 3844 ordinem
1433 3796 1638 3860 provinciarum,
1653 3799 1682 3847 in
1691 3813 1746 3862 pro·

415 3889 506 3937 vinciis
525 3895 610 3937 autern
628 3886 767 3936 secundum
786 3901 915 3948 numeros,
935 3902 986 3936 uno
1005 3893 1094 3936 tenore
1117 3894 1233 3937 recenset
1250 3888 1264 3937 I
1283 3887 1400 3937 Italicam
1406 3923 1414 3950 ,
1434 3887 1459 3936 V
1471 3887 1689 3948 Macedonicam,
1709 3889 1745 3938 xi

415 3979 551 4030 Claudiam
565 3979 680 4028 Moesiae
698 3978 828 4028 inferioris
847 3992 944 4028 omnes.
972 3979 1040 4028 Nam
1060 3979 1129 4043 quod
1146 3995 1228 4044 nuper
1245 3981 1378 4046 proposuit
1391 3969 1493 4029 Ptizner
1510 3977 1615 4038 (Gereb-
1629 3979 1745 4030 dernirr.

415 4069 624 4138 Kaiaerlepionen
640 4072 707 4122 1681
728 4087 753 4135 p.
769 4070 811 4120 ab.
828 4069 888 4120 163.
904 4070 967 4132 253)
986 4071 1099 4136 legiones
1119 4071 1184 4122 duas
1197 4072 1244 4122 has
1263 4087 1315 4122 una
1333 4086 1391 4122 enm
1410 4086 1440 4121 ea
1459 4085 1526 4136 quae
1544 4074 1667 4138 seqnitur
1679 4073 1744 4124 xm

413 4165 517 4230 gemina
535 4163 648 4213 secundo
667 4164 768 4213 saeculo
787 4164 815 4212 in
833 4162 918 4212 DacIa
941 4169 1024 4212 castra
1043 4163 1175 4225 babuisse,
1202 4179 1357 4230 quamquam
1381 4164 1414 4214 ob
1438 4163 1503 4213 alias
1527 4179 1634 4230 quoque
1660 4181 1744 4217 causat

413 4256 570 4306 reiciendum
589 4265 627 4304 est
646 4255 754 4318 (Daciae
774 4255 842 4304 enirn
861 4254 945 4318 legato
965 4263 1024 4304 ante
1036 4255 1153 4305 Marcum
1173 4257 1303 4321 praetorio
1322 4264 1374 4306 tres
1385 4257 1501 4321 legiones
1519 4271 1613 4321 parere
1635 4275 1690 4309 non
1700 4275 1742 4322 po

413 4355 530 4409 tuerunt,
564 4354 646 4412 ne'qnc
674 4333 741 4398 inter
764 4353 802 4396 tot
825 4347 912 4396 titulos
936 4347 1046 4397 Daoioos
1076 4349 1142 4398 nllus
1170 4355 1219 4409 est,
1250 4350 1293 4414 qui
1323 4349 1449 4413 legionem
1472 4329 1514 4398 XI
1539 4348 1683 4400 Claudiam
1710 4351 1742 4398 ibi

413 4450 496 4492 castra
515 4440 633 4490 habuisse
653 4441 800 4502 monstret),
824 4441 874 4489 iam
894 4441 929 4489 ita
948 4440 1108 4504 redarguitur
1126 4441 1175 4489 hoo
1194 4442 1251 4505 ipso
1270 4441 1303 4490 de
1322 4457 1372 4506 quo
1392 4441 1491 4505 agimus
1511 4441 1604 4504 titulo,
1627 4451 1659 4491 ut
1678 4443 1741 4492 refa-

412 4534 517 4584 tationis
536 4535 557 4583 is
577 4534 651 4583 nobis
671 4535 724 4583 otia
742 4534 839 4584 lecerit.
867 4532 1014 4582 concidunt
1032 4533 1107 4581 simul
1128 4547 1193 4598 quae
1212 4533 1282 4583 idem
1301 4541 1391 4582 auctor
1412 4533 1445 4582 dc
1463 4534 1568 4598 legione
1582 4535 1741 4586 VMaeedo-

413 4626 469 4676 nica
490 4631 637 4675 contremo
657 4625 759 4690 scripsit
777 4623 973 4675 contendentem
992 4639 1049 4674 eam
1069 4624 1102 4674 ad
1114 4626 1237 4678 Severum
1259 4627 1383 4692 usquein
1396 4625 1497 4675 Moesia
1515 4625 1644 4678 interiore
1664 4637 1741 4678 teter-

413 4717 489 4768 disse.
511 4718 579 4768 Nam
592 4724 727 4783 postquam
747 4723 821 4767 extra
839 4716 944 4766 dubium
964 4725 1002 4766 est
1020 4725 1072 4767 tarn
1091 4717 1219 4782 legionem
1238 4734 1303 4784 quae
1324 4721 1350 4768 in
1369 4719 1493 4768 laterculo
1512 4719 1649 4782 praeeedit
1667 4735 1738 4786 qu·

412 4809 608 4875 subsequentem
632 4801 754 4860 secundo
768 4809 871 4860 saeculo
895 4810 922 4859 in
947 4824 978 4860 ea
1000 4810 1134 4874 provincia
1159 4817 1243 4860 castra
1265 4811 1396 4873 habuisse,
1421 4812 1482 4860 item
1505 4811 1624 4861 decisam
1650 4822 1688 4862 eat
1710 4812 1740 4859 de

414 4903 566 4966 interposita
585 4903 682 4967 quinta.
719 4902 810 4966 Itaque
829 4900 862 4950 de
881 4901 962 4951 titulis
981 4902 1194 4952 Troesmensibus
1212 4903 1263 4964 III,
1280 4903 1360 4954 6162.
1375 4901 1446 4952 6166
1465 4903 1534 4953 idem
1553 4913 1648 4954 auctor
1666 4919 1737 4970 qaam

411 4997 523 5058 graviter
542 4995 672 5054 erraverit,
693 4994 868 5044 demonstrare
887 5009 1103 5059 supervacaneum
1124 5001 1170 5044 est.

485 5084 511 5148 ⁴)
537 5085 682 5136 Brambacb
702 5087 767 5136 c.1.
781 5085 863 5136 Rben.
882 5101 908 5150 p.
921 5087 985 5136 XII.

487 5175 511 5242 ⁵)
537 5177 640 5230 Pflzner
657 5177 675 5228 l.
690 5195 712 5229 c.
740 5179 863 5230 Eiusdem
883 5194 996 5229 errorem
1020 5179 1147 5244 legionem
1166 5180 1200 5230 ad
1219 5179 1301 5246 ipsam
1320 5171 1430 5232 Daciam
1450 5179 1576 5233 trahentia
1595 5181 1676 5232 modo
1694 5197 1735 5230 aa

410 5271 527 5321 tacimus.

485 5360 509 5428 ⁶)
537 5364 627 5414 Testes
646 5370 705 5414 sunt
722 5364 882 5416 itinerarium
896 5365 1101 5416 Antoninianum
1120 5374 1146 5416 ct
1158 5365 1260 5419 Notitia
1272 5365 1433 5432 dignitatum.
1463 5367 1505 5420 Cf.
1519 5365 1624 5420 roim
1637 5367 1733 5434 psat.
