3640 5976
440 622 1048 677 ossnnvnurounsneraasrmcsn.
1333 609 1405 682 529

79 815 117 857 eo
139 797 231 870 ducit,
261 804 293 857 ut
313 798 393 877 legio
421 798 567 876 adquam
594 799 723 876 pertinet
744 817 780 856 eo
802 807 936 875 tempore
957 800 1097 878 proxima
1117 807 1217 859 castra
1237 802 1407 876 obtinuerit,

78 919 157 977 qnae
172 910 242 960 sant
255 900 420 961 Novensia.
453 899 613 960 Probabile
635 903 726 980 igitur
745 911 792 960 est
813 901 976 979 imperante
997 902 1055 962 Pio
1077 903 1225 980 legionem
1246 903 1293 962 XI
1315 903 1405 965 Clau·

78 1004 160 1062 diam
182 1003 356 1064 constitisse
374 1001 487 1076 Novis,
515 1003 687 1062 IItalicnm
710 1004 886 1076 Durostori‚
913 1005 1020 1064 deinde
1042 1013 1142 1064 castra
1163 1006 1206 1064 ita
1225 1015 1407 1068 commutata

77 1123 157 1177 esse,
180 1115 213 1165 ut
234 1106 321 1165 tertio
342 1105 462 1165 saeculo
486 1105 674 1165 undecimani
694 1107 858 1166 Durostori
880 1115 989 1180 essent,
1011 1108 1139 1183 primani
1161 1105 1268 1166 Novis.

160 1206 278 1286 Legati,
299 1210 355 1268 sub
377 1227 436 1285 qno
458 1229 484 1267 a
500 1209 558 1268 155
580 1209 735 1285 provincia
755 1210 820 1283 fnit,
843 1209 946 1269 titulus
961 1209 1139 1269 Tomitanus
1163 1211 1220 1268 vol.
1237 1210 1285 1270 111
1303 1209 1402 1270 utet

75 1310 167 1385 plena
192 1311 314 1370 nomina
338 1312 545 1371 subministrat
571 1311 724 1371 dedicatus
750 1312 780 1369 Τ.
796 1311 903 1370 Flauio
922 1311 1054 1387 Longino
1081 1313 1115 1384 Q.
1135 1312 1251 1371 Marcio
1270 1313 1403 1373 Turboni.

76 1410 147 1486 Quo
173 1421 307 1492 ternpore
332 1415 358 1474 is
385 1415 530 1474 Moesiam
559 1414 700 1484 rexisset,
731 1413 829 1472 adhuc
855 1413 1080 1492 ignorabamus,
1114 1415 1227 1474 vixisse
1254 1435 1322 1475 eum
1348 1417 1403 1475 sub

75 1515 134 1573 Pio
160 1535 225 1574 cum
252 1517 312 1575 iam
340 1526 497 1593 appareat,
525 1516 680 1594 probabile
706 1523 752 1574 est
774 1515 867 1574 filium
896 1535 962 1573 eum
990 1533 1057 1576 esse
1082 1524 1135 1574 aut
1156 1516 1329 1595 adoptivum
1351 1527 1404 1578 aut

75 1618 241 1677 naturalem
264 1617 302 1694 Q.
319 1619 421 1676 Marcii
442 1617 593 1677 Turbonis
614 1617 757 1694 praefecti
780 1617 930 1695 praetorio
951 1618 1116 1696 imperante
1138 1617 1295 1680 Hadriano
1305 1621 1343 1696 ¹).

159 1718 303 1780 Centurio
325 1721 453 1800 legionis
475 1721 583 1797 aliquis
606 1739 672 1779 cum
688 1738 789 1778 curam
811 1729 881 1797 agat
895 1721 1099 1780 vexillationis
1119 1722 1218 1794 huius,
1241 1723 1267 1782 si
1282 1723 1401 1799 quidem

72 1829 154 1882 recte
176 1823 293 1881 titulum
315 1823 481 1882 rettulimus
508 1824 548 1882 ad
570 1823 727 1882 stationem
749 1830 923 1899 perpetuam
947 1824 1104 1884 militarem
1126 1823 1296 1900 provinciae
1318 1825 1398 1884 Moe-

72 1926 148 1997 siae,
170 1925 365 2004 probabiliter
378 1925 447 1984 iude
468 1925 644 2002 colligemus
665 1924 816 2003 praesidia
837 1943 874 1983 ea
888 1925 930 1983 ita
952 1925 1091 1984 ordinata
1104 1927 1210 2000 fuisse,
1233 1937 1266 1986 ut
1280 1927 1401 2006 singula

72 2029 206 2088 centurio
227 2037 357 2106 regeret,
381 2027 550 2104 habentque
571 2026 650 2086 tituli
670 2027 780 2086 indicia
801 2026 946 2103 quaedam
968 2045 1047 2104 quae
1068 2028 1211 2088 eiusmodi
1235 2029 1398 2088 ordinatio·

70 2151 140 2190 nem
163 2131 347 2202 confirmant,
370 2138 402 2188 ut
417 2128 589 2189 Cidamensi
612 2128 762 2206 praesidio
784 2128 814 2186 in
837 2129 1038 2206 penetralibus
1054 2129 1177 2189 Africae
1199 2131 1332 2190 centurio
1354 2132 1397 2191 le-

70 2235 169 2310 gionis
191 2234 352 2293 Africanae
373 2231 490 2292 videtur
511 2228 726 2310 praefuisse²).
761 2230 803 2288 At
824 2241 922 2290 utrum
949 2231 992 2290 ita
1012 2232 1187 2309 praefuerit,
1216 2243 1248 2292 ut
1269 2252 1337 2292 cnm
1357 2235 1399 2294 iis

69 2335 175 2395 eodem
189 2335 255 2396 locu
270 2336 456 2407 consisteret,
471 2354 510 2393 an
525 2335 660 2410 pluribus
676 2333 855 2393 stationibus
870 2334 959 2393 simul
974 2334 1163 2411 praepositus
1178 2354 1278 2394 curam
1295 2339 1396 2395 earum

69 2440 114 2496 ita
134 2439 269 2516 gesserit,
292 2448 324 2497 nt
344 2455 467 2514 praeses
488 2455 590 2496 curam
611 2438 733 2516 gerebat
753 2435 936 2513 provinciae,
958 2436 1022 2496 iure
1042 2436 1171 2496 dubitari
1190 2445 1304 2514 potest,
1327 2457 1395 2498 cum

67 2542 243 2617 praesertim
270 2541 432 2600 laterculus
462 2541 488 2598 is
513 2557 602 2616 quern
627 2539 742 2598 edimus
768 2539 863 2615 magis
889 2539 927 2598 ad
953 2539 1028 2598 hanc
1053 2538 1270 2600 ordinationem
1298 2541 1394 2601 ducat.

69 2641 132 2704 Sed
157 2643 296 2703 universa
321 2643 471 2720 quaestio,
499 2641 685 2702 centuriones
715 2649 774 2700 tam
801 2641 928 2718 legionis
955 2661 1043 2718 quam
1070 2643 1236 2702 cohortium
1263 2643 1394 2720 itemque

67 2745 242 2804 decuriones
265 2746 379 2805 alaram
401 2743 551 2822 quomodo
573 2754 659 2802 extra
680 2745 863 2821 praetorium
886 2752 1007 2822 agentes
1030 2745 1087 2804 snb
1106 2746 1277 2806 nominibus
1297 2745 1393 2804 diver·

67 2847 127 2919 eis,
159 2849 211 2907 sed
240 2848 344 2908 eodem
369 2847 560 2908 redeuntibus
590 2847 728 2906 omnibus
762 2847 1059 2925 significantibusque
1090 2849 1228 2908 omnibus
1261 2848 1392 2908 officinm

66 2951 335 3010 extraordinarium
346 2949 376 3028 ³)
406 2969 506 3010 caram
532 2949 647 3026 egerint
671 2949 894 3008 vexillationum
923 2968 1172 3028 numerorumque
1197 2951 1288 3010 certis
1314 2950 1392 3010 locis

66 3053 304 3126 constitutorum,
326 3071 392 3112 cum
415 3053 559 3130 perhanc
581 3053 768 3110 occasionem
791 3051 926 3129 expediri
947 3071 1006 3111 uon
1026 3054 1136 3130 possit,
1159 3054 1279 3112 omnino
1301 3053 1392 3131 digna

65 3163 122 3228 est,
143 3174 220 3232 quae
241 3155 418 3214 testimoniis
440 3173 517 3232 qnae
539 3166 700 3232 supersunt
720 3173 778 3213 non
802 3155 907 3232 paucis
929 3155 1064 3214 collectis
1086 3163 1116 3214 et
1136 3155 1303 3215 coniunctis
1326 3155 1390 3215 dili·

63 3267 169 3334 genter
189 3264 392 3334 pertractetur.

148 3359 360 3422 Beneficiarios
383 3360 531 3436 praesidis
557 3359 766 3437 provinciae⁴)
793 3359 871 3438 quod
899 3379 992 3438 supra
1013 3358 1056 3436 (p.
1072 3359 1148 3437 400)
1170 3359 1323 3420 docuimus
1344 3381 1388 3420 re·

62 3463 135 3522 ferri
157 3464 344 3540 potissimum
370 3463 408 3521 ad
435 3463 578 3521 stationes
604 3462 761 3535 militares,
788 3463 932 3521 laterculo
957 3463 1015 3522 hoc
1040 3462 1156 3540 egregie
1182 3464 1388 3536 confirmatum

61 3585 159 3641 neque
191 3567 269 3626 enim
298 3567 425 3624 obscure
453 3565 564 3624 indicat
591 3565 803 3643 praesidiarios
831 3583 955 3623 numero
984 3566 1045 3624 lere
1073 3565 1223 3642 octoginta
1250 3566 1387 3642 paruisse

61 3669 252 3727 beneficiario
281 3669 457 3728 consularis.
504 3667 598 3726 l'lane
624 3667 727 3726 cadem
754 3667 870 3726 ratione
896 3667 1088 3743 beneficiarius
1115 3667 1274 3726 consularis
1301 3667 1385 3743 lepto-

58 3774 109 3828 ais
123 3771 181 3828 III
190 3769 340 3848 Augustae
362 3791 423 3829 cum
444 3773 504 3828 ruis
526 3770 645 3828 titulum
667 3769 784 3829 dedicat
806 3779 905 3828 eructu
926 3773 1045 3828 statione
1059 3768 1249 3827 Vazanitana
1271 3769 1302 3827 in
1321 3769 1386 3828 Nu·

57 3871 154 3930 midia
174 3872 206 3949 (l.
220 3891 245 3932 c.
265 3893 294 3931 n.
309 3871 370 3932 424
392 3872 587 3947 similiterque
609 3891 637 3930 n.
653 3871 723 3930 426.
740 3871 823 3948 427).
858 3871 945 3930 Unde
966 3872 1026 3930 iam
1048 3872 1130 3930 clara
1144 3872 1211 3930 lnce
1231 3871 1383 3930 illustran-

58 3983 109 4034 tur
131 3994 201 4034 arae
222 3974 400 4052 quibusdam
422 3973 505 4047 locis,
529 3983 562 4031 ut
583 3973 680 4032 Novis
702 3974 733 4033 iu
750 3973 902 4033 Dalmatia
923 3972 1056 4050 (vollll
1079 3971 1295 4051 alatores),
1320 3973 1382 4037 Sis·

67 4127 89 4132 ..-
100 4127 150 4132 -—
162 4125 263 4132 ———-1

136 4211 159 4274 ¹)
185 4213 310 4263 Videatur
329 4214 361 4262 de
380 4227 411 4262 eo
430 4211 578 4262 Hirschfeld
596 4207 935 4278 Venualtuaprqesehichtel
953 4229 978 4277 p.
994 4213 1056 4263 225.

133 4303 158 4366 ²)
184 4305 318 4356 Votvm
331 4321 356 4354 n.
370 4307 393 4354 1.
423 4304 542 4354 conferri
561 4310 645 4368 potest
664 4305 725 4353 item
745 4305 832 4353 titulus
845 4303 985 4355 Rhenanus
999 4302 1155 4366 (Brambaeh
1175 4319 1200 4353 n.
1215 4302 1295 4369 672)ι
1314 4301 1380 4356 Her-

55 4397 110 4448 cult
127 4414 223 4448 ιιιταιιο
243 4397 372 4448 uexillatio
392 4396 440 4462 leq.
452 4391 539 4446 XXII
546 4413 598 4464 pr,
618 4396 662 4462 qui
673 4403 730 4445 aurit
742 4393 785 4444 sab
799 4411 861 4444 cura
881 4393 947 4460 [FL]
961 4395 1051 4464 Aprili
1070 4394 1104 4460 [a]
1119 4395 1290 4458 (centurionis)
1302 4415 1325 4446 m
1339 4396 1380 4460 (l).

54 4491 160 4542 Similes
180 4490 245 4540 tituli
265 4491 408 4554 complures
428 4490 461 4539 ad
475 4489 593 4539 Rhenum
613 4489 740 4538 eruderari
759 4497 818 4538 sunt
837 4489 947 4539 dedicati
961 4504 976 4538 a
991 4489 1181 4539 centurionibus
1194 4488 1303 4554 legionis
1322 4507 1379 4541 cnm

54 4582 197 4634 vexillariis
218 4583 272 4633 sive
291 4581 507 4633 commilitonibus
527 4582 588 4631 suis.

131 4672 156 4737 ⁸)
182 4677 336 4741 Plerumque
361 4673 522 4740 appellantur
542 4673 685 4741 praepositi
706 4673 746 4722 vel
773 4679 908 4724 curatores.
942 4673 1040 4726 Similis
1065 4679 1103 4724 cat
1126 4673 1245 4738 magister
1270 4672 1380 4725 cohortis

53 4767 182 4818 miliarias
200 4765 389 4818 Hemeseuorum
408 4767 484 4816 haias
501 4765 558 4833 eph.
575 4766 625 4816 vol.
640 4767 667 4815 11
686 4781 711 4815 n.
726 4766 787 4816 598.
807 4791 840 4800 -
861 4767 999 4816 Curatores
1018 4781 1066 4815 ncc
1084 4771 1223 4815 turmarum
1242 4781 1290 4816 nec
1310 4773 1377 4818 vete·

52 4876 175 4910 ranorum
196 4861 349 4927 (composuit
365 4866 486 4924 utrosque
505 4858 590 4908 Cauer
607 4873 684 4922 supra
702 4874 727 4922 p.
741 4858 804 4909 4³5.
817 4857 882 4920 436)
901 4859 951 4909 huc
969 4861 1106 4924 pertinent.

130 4951 155 5014 ⁴)
180 4953 219 5003 Eo
239 4954 368 5017 pertinent
386 4953 429 5016 qui
447 4965 525 5016 snpra
537 4965 562 5014 p.
575 4949 627 5000 379
642 4965 695 5014 seq.
715 4949 859 5002 referuntur
877 4951 1034 5002 beneficiarii
1054 4951 1193 5002 consularis
1212 4967 1301 5002 omnes
1320 4955 1375 5018 opi-

51 5063 116 5109 nur;
146 5060 206 5095 nam
224 5045 336 5110 legatum
354 5043 466 5108 legioni,
490 5059 543 5093 non
562 5043 710 5108 provinciae
731 5043 899 5108 imperantem
923 5059 955 5094 nu
974 5051 1027 5094 tum
1048 5044 1163 5108 quidem,
1189 5060 1245 5094 cnm
1266 5059 1312 5110 per
1330 5061 1375 5096 sx-

53 5140 197 5204 ceptionem
215 5145 275 5203 post
292 5137 453 5188 consulatum
472 5150 503 5186 eo
516 5136 614 5186 honore
634 5135 789 5200 iungeretur,
810 5137 951 5188 consularis
966 5137 1091 5188 vocabulo
1104 5152 1177 5186 nsum
1191 5152 1247 5188 csse
1259 5139 1375 5190 credide-

51 5233 110 5282 rim.
134 5231 185 5282 Ubi
205 5237 289 5281 autem
309 5229 407 5279 muneri
427 5228 587 5294 subiungitur
599 5228 676 5292 legio,
696 5234 758 5292 puta
770 5228 889 5279 scribitur
902 5227 1075 5297 beneficiarius
1087 5229 1228 5280 consularis
1241 5229 1347 5297 legionis
1360 5231 1380 5282 I

53 5322 169 5384 Italicae,
190 5323 245 5374 sine
264 5323 342 5373 dabiu
363 5327 468 5386 uterque
487 5322 618 5386 genetivus
637 5334 653 5370 a
672 5321 829 5372 nominativo
848 5323 951 5387 pendet,
970 5337 1022 5373 non
1042 5323 1169 5389 posterior
1185 5337 1203 5374 a
1221 5323 1314 5388 priore.
