3640 5976
470 581 768 636 casunvnrronus
791 581 1078 636 smennrnronu.
1361 563 1433 636 531

192 758 343 818 Immunes
365 757 459 816 habes
480 774 572 835 supra
597 757 760 818 recensitos
782 775 811 833 p.
827 756 887 816 409
900 774 963 833 seq.
998 755 1089 832 Quod
1110 757 1238 816 adicitur
1259 757 1436 818 vocabulum

109 858 242 937 eprIcet
262 858 448 920 Tarrutenus
468 859 615 920 Paternus
637 861 668 919 iu
689 859 767 919 libro
789 860 826 918 de
847 879 879 918 re
901 859 1021 920 militari
1041 859 1125 937 (Dig.
1138 859 1188 934 50,
1206 859 1234 931 6,
1247 859 1279 935 l)
1299 860 1376 919 iuter
1389 879 1435 918 re·

109 962 212 1039 liquos
234 962 379 1022 immunes
406 979 565 1022 recensens
586 972 742 1023 venatores.
779 962 855 1022 Eius
876 962 935 1020 loci
956 962 1080 1022 militem
1102 961 1198 1020 adhuc
1220 961 1298 1020 tituli
1320 962 1435 1022 nullum

107 1063 265 1134 dederunt,
297 1074 330 1122 nt
353 1064 429 1124 adeo
455 1065 570 1144 primus
596 1065 645 1124 hic
671 1065 712 1124 sit
738 1065 789 1142 qui
815 1063 854 1123 ed
875 1065 1015 1125 immunis
1035 1064 1209 1124 vocabulum
1237 1063 1434 1124 immunitatis

107 1181 229 1225 causam
257 1167 420 1239 adscribet;
453 1167 507 1226 sed
529 1186 595 1226 cum
617 1167 696 1243 legio
718 1167 872 1244 pecuarios
895 1183 966 1225 suos
991 1166 1114 1239 hebeat,
1136 1171 1293 1225 venatores
1316 1183 1434 1243 quoque

107 1277 187 1328 recte
213 1269 241 1328 ei
268 1269 462 1341 conveniunt,
490 1269 621 1328 maxime
649 1268 853 1345 praesidiariis
881 1269 1051 1328 constitutis
1078 1268 1108 1328 in
1130 1267 1224 1327 deviis
1247 1269 1384 1344 partibus
1405 1277 1436 1328 et

107 1370 258 1430 venationi
279 1371 344 1429 sine
367 1371 457 1430 dubio
479 1371 567 1449 aptis.

192 1470 361 1549 Sequuntur
388 1473 525 1551 gregales
555 1473 645 1532 solito
671 1489 753 1532 more
781 1472 920 1549 dispositi
949 1471 1110 1532 secundum
1139 1473 1289 1545 cohortes,
1319 1472 1434 1544 electis,

106 1573 195 1634 modo
222 1575 323 1634 omnis
348 1587 425 1634 recte
447 1586 477 1634 et
498 1576 584 1651 plene
606 1574 716 1634 tradite
737 1575 809 1647 sint,
837 1595 875 1634 ex
903 1576 1077 1635 cohortibus
1097 1573 1314 1634 1.11.111.1v
1336 1574 1433 1634 homi-

106 1677 195 1736 nibus
217 1695 236 1734 a
257 1678 355 1754 quiuis
378 1677 415 1736 sd
437 1695 547 1749 nonos,
576 1695 615 1735 ex
637 1678 740 1753 quinta
763 1677 933 1736 hominibus
955 1677 1124 1750 XXXVII,
1151 1695 1190 1736 cx
1212 1676 1342 1754 quinque
1364 1678 1433 1736 reli·

105 1780 173 1855 quis
196 1779 297 1840 nullis.
326 1778 368 1838 Hi
389 1780 504 1838 numeri
526 1789 654 1856 possunt
675 1797 747 1838 sane
768 1795 840 1839 casu
860 1780 904 1840 ita
921 1780 1116 1857 processisse,
1137 1799 1203 1838 cum
1225 1781 1256 1838 in
1271 1779 1432 1856 praesidiis

105 1881 322 1942 constituendis
345 1882 511 1958 aequabilis
533 1882 610 1940 iuter
624 1881 760 1940 cohortes
782 1873 953 1941 distributio
975 1882 1096 1940 minime
1118 1882 1296 1959 requiratur.
1323 1881 1433 1941 Viden-

105 1983 175 2042 dum
198 1995 306 2056 tameu,
327 2003 397 2044 num
413 1984 565 2062 praesidia
587 2003 623 2042 ex
643 1984 759 2061 legione
780 1985 823 2042 ita
844 1983 1007 2043 constituta
1028 1984 1098 2054 sint,
1120 1991 1153 2042 ut
1175 1984 1299 2044 alteram
1314 1993 1431 2062 partem

104 2087 242 2146 cohortes
264 2086 396 2163 quinque
417 2087 534 2164 priores
556 2085 670 2159 darem,
692 2086 816 2144 alteram
832 2085 1025 2163 posteriores,
1048 2085 1187 2161 quoniam
1210 2085 1300 2144 etiem
1321 2087 1353 2144 in
1367 2085 1431 2146 No·

105 2187 172 2247 titia
194 2188 380 2268 Dignitatem
403 2189 567 2248 occidentis
588 2189 620 2248 in
640 2188 757 2266 legione
778 2187 1000 2264 distinguuntur
1016 2189 1160 2265 praefecti
1181 2187 1310 2264 legionis,
1331 2189 1430 2248 cotor-

104 2293 175 2350 turm
196 2294 334 2368 quinque,
356 2294 452 2368 portis
479 2291 540 2368 (vel
560 2290 730 2368 pedeturas)
758 2293 914 2368 superioris
941 2297 971 2350 et
988 2293 1086 2367 portis
1113 2289 1174 2366 (vel
1192 2290 1365 2368 pedeturas)
1386 2293 1431 2349 in·

96 2393 268 2470 seriorw).

187 2495 305 2573 Agmen
327 2495 470 2556 claudunt
493 2495 608 2574 equites
634 2494 775 2572 legionis,
801 2513 906 2573 nempe
933 2494 1052 2554 decurio
1075 2501 1104 2553 et
1125 2511 1217 2571 eques
1245 2511 1337 2566 enns3
1364 2493 1429 2571 plu·

103 2614 152 2656 res
175 2596 253 2655 enim
280 2596 312 2655 in
337 2597 488 2674 praesidio
514 2617 574 2657 non
598 2597 728 2658 fuerunt.
768 2596 834 2657 Nec
854 2597 961 2656 mirum
983 2597 1027 2672 ld,
1053 2615 1119 2656 cum
1141 2595 1291 2675 praefecto
1312 2595 1429 2656 cuidam

103 2720 194 2760 maun
211 2700 332 2759 militari
348 2700 490 2778 indigenti
506 2700 568 2760 deti
582 2717 650 2758 esse
665 2700 849 2776 reperiantur
863 2699 1046 2760 beneficiarii
1061 2700 1170 2770 decem,
1189 2697 1304 2776 equites
1318 2695 1428 2774 duci).

102 2803 227 2880 Equites
248 2802 406 2881 legionarii
429 2812 461 2861 ut
482 2803 545 2862 noti
568 2813 646 2876 sunt,
669 2803 712 2862 itu
726 2803 777 2880 qui
791 2804 821 2861 in
836 2803 982 2862 laterculo
1002 2802 1171 2862 nominatur
1186 2802 1300 2861 decurio
1315 2821 1428 2873 eorum,

101 2905 215 2984 primns
240 2904 271 2963 ni
296 2903 386 2966 lallor
411 2905 475 2964 eius
500 2904 559 2963 loci
585 2915 631 2964 est
656 2905 707 2984 qui
734 2906 911 2965 innotescet.
955 2903 1099 2966 Similiter
1119 2904 1285 2962 vexillarius
1308 2921 1428 2980 quoque

103 3010 225 3083 equitum
252 3007 371 3084 legionis
397 3007 495 3066 adhue
520 3016 580 3066 stat
601 3027 660 3067 uno
682 3007 770 3066 titulo
791 3007 934 3066 Africano
956 3004 1269 3066 vol.v111n.10629
1292 3004 1428 3064 addendo

102 3127 194 3186 supra
213 3129 242 3187 p.
259 3109 319 3168 356
342 3110 527 3188 compositis.
549 3143 590 3152 —
613 3107 700 3183 Quod
722 3109 837 3186 equites
859 3117 1050 3170 recensentur
1071 3117 1157 3168 extra
1183 3108 1335 3180 cohortes,
1360 3126 1427 3167 cum

102 3211 237 3270 laterculi
258 3211 357 3271 adhuc
379 3212 456 3285 noti,
483 3212 612 3270 maxime
634 3212 753 3284 urbani,
780 3212 895 3287 equites
921 3211 1000 3269 intra
1020 3210 1158 3269 cohortes
1179 3219 1356 3270 recenseant
1376 3209 1427 3268 ad·

101 3313 254 3372 notatione
276 3312 433 3374 distinctos
456 3313 592 3372 similiter
614 3324 702 3391 atque
723 3313 915 3392 principales,
938 3311 1083 3372 rationem
1101 3312 1202 3384 habet3
1225 3330 1294 3370 nam
1316 3311 1347 3370 in
1369 3311 1428 3370 hoc

101 3433 226 3476 recensu
248 3417 337 3474 etiem
359 3415 540 3492 principales
561 3417 793 3494 praemittuntur
815 3435 852 3474 ex
875 3415 978 3474 ordine
999 3414 1139 3489 exempti.

183 3516 315 3577 Nomius
336 3517 464 3577 militum
485 3535 552 3577 oum
574 3519 665 3578 solita
687 3519 746 3578 sint
766 3519 855 3577 huius
878 3517 994 3590 aetatis,
1017 3535 1075 3575 non
1098 3515 1154 3576 abs
1174 3535 1207 3574 re
1229 3515 1426 3575 videturesse

99 3620 269 3692 observare,
285 3619 365 3697 quod
379 3628 569 3678 recensentur
583 3620 654 3679 Iulii
667 3619 707 3694 X,
723 3617 841 3680 Claudii
852 3619 892 3688 II,
907 3619 1007 3678 Flavii
1018 3617 1076 3690 IX,
1093 3615 1234 3676 Cocceius
1247 3617 1272 3692 I,
1285 3616 1369 3694 Ulpii
1382 3617 1424 3689 II,

101 3722 180 3782 Aelii
196 3721 286 3794 VIII,
309 3723 426 3781 Aurelii
447 3722 555 3795 XVII,
580 3731 736 3800 praeterea
750 3721 863 3780 Valerii
885 3721 945 3792 XI,
972 3721 1099 3779 aliorum
1126 3719 1345 3796 gentilitiorum
1366 3720 1424 3779 XI.

98 3823 199 3883 Medio
213 3824 304 3903 igitur
325 3824 446 3884 saeculo
468 3825 599 3884 secunde
621 3825 743 3886 nomine
762 3823 955 3900 imperatoria
975 3831 1005 3880 et
1026 3829 1177 3884 castrense
1198 3823 1351 3899 antiquum
1363 3821 1424 3882 Va-

98 3927 204 3986 lerium
226 3927 342 4004 reliqua
363 3927 393 3985 in
414 3927 578 4004 provinciis
600 3937 680 3988 certe
700 3927 759 3988 iam
782 3927 843 3986 lere
865 3923 1048 4003 expulerant

221 4273 424 4370 XXXII.
483 4273 950 4372 PRINCIPALIVM
977 4271 1303 4370 RECENSVS

345 4413 694 4512 SECVNDVM
722 4413 1175 4512 PRAEPOSITOS.

182 4605 393 4668 Commenurii
421 4606 582 4668 Caneriani
611 4609 647 4668 de
673 4609 889 4688 principalibus
918 4609 961 4686 (p.
978 4607 1166 4685 est-481)
1194 4607 1421 4687 diligentissime

92 4711 242 4772 elaborati
263 4729 331 4769 cum
352 4710 510 4770 utilitatem
533 4729 568 4769 eo
589 4710 725 4789 impediri
748 4711 978 4784 intellexissem,
1000 4711 1081 4788 quod
1103 4717 1205 4769 auctor
1224 4729 1284 4770 non
1306 4710 1422 4770 addidit

92 4832 251 4874 recensum
281 4813 444 4872 secundum
471 4813 659 4892 praepositos
687 4813 849 4891 digestum,
879 4813 1078 4892 supplementi
1105 4814 1173 4873 loco
1199 4813 1325 4872 indicem
1352 4831 1420 4872 eum

174 5001 198 5063 ¹)
222 4995 306 5053 Locos
325 5003 469 5067 composuit
487 5003 569 5056 Seeck
588 5004 615 5054 in
633 5002 717 5053 iudice
736 5003 857 5054 editionis
877 5019 901 5067 p.
912 5003 974 5054 332.
1003 5003 1079 5065 Quod
1098 5017 1145 5069 pro
1164 5000 1301 5054 cohortium
1313 5001 1420 5068 quinque

92 5101 218 5161 perpetuo
237 5095 346 5145 traditur
364 5093 474 5146 codomt'e
486 5097 595 5162 quintae,
615 5101 702 5144 natum
719 5095 871 5146 crediderim
890 5110 923 5146 ex
940 5095 1098 5161 compendiis
1116 5095 1183 5146 male
1202 5094 1301 5146 solutis.

172 5185 198 5250 ²)
222 5187 324 5238 Plinius
341 5189 376 5238 ad
388 5189 459 5238 Trai.
474 5189 522 5238 21:
542 5194 569 5238 ut
587 5193 713 5238 contentus
732 5193 795 5239 esset
814 5185 981 5256 beneficiariis
993 5187 1080 5249 clesma,
1101 5185 1224 5256 equitibus
1241 5183 1344 5250 duobus,
1364 5201 1418 5238 een·

92 5280 192 5331 turicas
210 5295 267 5332 uno.
