3792 5970
403 595 476 666 258
640 613 943 666 ADDITAMEMTVM
960 615 1014 666 AD
1032 615 1201 667 TABVLAS
1219 613 1496 668 vam’fflthns.

579 787 693 867 Caepio
715 808 767 848 cnr
788 789 955 849 censendus
977 790 1017 847 sit
1038 789 1210 866 provinciae
1225 788 1402 866 praefuisse,
1426 791 1557 850 ostendit
1571 790 1742 850 Mommsen

580 891 761 952 Stootcrecht
779 889 816 949 2²
841 913 870 970 p.
887 891 956 952 628.

447 1013 475 1054 a.
492 993 551 1054 648
583 992 620 1069 Q.
638 993 788 1054 Caecilius
804 994 942 1054 Metellus
965 995 1017 1072 qui
1039 1001 1146 1071 postca
1164 992 1344 1054 Numidicus
1366 994 1533 1074 appellatus
1555 1007 1611 1068 est,
1633 1015 1744 1058 consu·

580 1098 674 1156 latum
700 1097 795 1174 gessit
819 1117 845 1155 o.
863 1095 938 1184 645ι
965 1097 1004 1155 cf.
1032 1095 1068 1154 de
1091 1096 1277 1156 condicet.
1300 1114 1383 1156 cons.
1406 1116 1432 1156 a.
1449 1096 1509 1157 645
1532 1107 1562 1156 et
1582 1098 1743 1160 Drumnnn

581 1199 615 1272 2,
635 1199 685 1272 37,
705 1198 754 1258 93.
805 1199 853 1258 De
879 1199 968 1258 rebus
996 1199 1033 1258 nh
1061 1217 1098 1258 eo
1126 1199 1157 1258 in
1185 1196 1330 1258 Numidia
1356 1201 1450 1276 gentis
1477 1200 1550 1259 dicit
1579 1199 1743 1262 Sallustius

580 1302 729 1380 Iugurtha
753 1301 793 1360 43
809 1320 872 1380 seq.
923 1301 1137 1377 Triumphum,
1170 1300 1208 1360 de
1239 1319 1299 1378 quo
1330 1303 1398 1380 ipse
1429 1303 1469 1362 nd
1495 1303 1639 1381 populum
1665 1305 1745 1366 dixit

581 1402 677 1481 (Gell.
700 1402 752 1476 tt,
773 1404 807 1482 9)
833 1405 980 1482 cuiusque
1000 1412 1158 1480 praetereo
1178 1405 1290 1462 mentio
1312 1413 1360 1463 est
1380 1404 1460 1480 opud
1482 1403 1629 1465 Velleium
1650 1406 1741 1479 2,11

582 1513 613 1566 et
633 1506 809 1586 Eutropium
825 1507 855 1578 4,
872 1507 922 1576 39,
943 1525 1044 1565 errore
1065 1507 1209 1566 tributum
1231 1523 1298 1566 csse
1320 1526 1348 1565 a.
1361 1505 1420 1566 647
1443 1505 1492 1582 (et
1518 1507 1646 1568 Fischer
1664 1510 1745 1569 Zeit-

582 1611 671 1687 toseln
692 1629 721 1688 p.
741 1609 813 1685 159)
836 1609 967 1669 ostendit
987 1609 1186 1688 fragmentum
1208 1609 1315 1686 hoc¹).

452 1731 480 1769 a.
497 1713 556 1771 648
586 1711 771 1788 Triumphus
787 1711 912 1771 Minucii
925 1711 997 1772 Rufi
1019 1729 1080 1770 cos.
1104 1731 1130 1770 a.
1145 1710 1205 1770 644
1227 1721 1475 1772 commemoretur
1496 1732 1515 1771 c
1530 1713 1647 1773 Velleio
1662 1713 1692 1789 2,
1708 1718 1743 1776 8:

583 1815 717 1886 Minucii,
742 1819 792 1891 qni
808 1818 950 1891 porticus,
971 1832 1045 1890 qnae
1066 1815 1151 1873 hodic
1171 1813 1291 1874 celebres
1313 1826 1389 1886 cunt,
1410 1815 1523 1875 molitus
1546 1825 1597 1889 est,
1619 1835 1634 1875 e
1655 1819 1744 1879 Scor·

582 1917 670 1977 discis
703 1917 862 1994 triumphus
887 1919 957 1992 snit.
1009 1915 1056 1975 De
1087 1917 1177 1974 rebus
1210 1917 1247 1976 ch
1279 1935 1315 1974 eo
1340 1918 1434 1994 gestis
1460 1917 1566 1978 Livius
1593 1921 1664 1997 epit.
1687 1921 1743 1981 65:

583 2019 628 2078 M.
656 2019 802 2078 Minucius
824 2019 984 2095 proconsul
1007 2019 1147 2077 aduersus
1173 2017 1300 2078 Thraces
1323 2037 1463 2095 prospere
1485 2026 1641 2097 pnpnnoit3
1670 2022 1745 2082 Flo·

583 2139 635 2181 rus
651 2122 680 2194 3,
696 2121 726 2195 4,
740 2121 773 2181 5:
797 2120 943 2180 Minucios
966 2130 1022 2180 toto
1040 2124 1164 2179 ooswuit
1178 2119 1275 2180 Hebro
1291 2119 1499 2198 (Scordiscos),
1520 2125 1615 2183 multis
1630 2128 1744 2202 quidem

583 2226 708 2293 omissis,
730 2223 797 2282 dum
815 2243 870 2300 per
887 2223 1030 2300 perfidum
1049 2222 1144 2299 plocio
1158 2225 1267 2298 flumen
1288 2226 1445 2298 equitatum
1467 2223 1505 2285 cl.
1529 2223 1601 2286 Sex.
1624 2225 1695 2287 Rus.
1712 2228 1743 2288 9.

583 2325 634 2384 Ad
662 2323 836 2386 Scordiscos
863 2324 947 2384 addit
968 2325 1122 2385 Tribsllos
1149 2324 1316 2402 Eutropius
1335 2327 1370 2397 4,
1387 2325 1440 2384 37:
1467 2345 1487 2384 o
1513 2327 1643 2388 Minucio
1663 2331 1744 2408 Ruso

584 2434 615 2488 in
637 2429 809 2488 Macedonio
832 2425 980 2488 Scordisci
1002 2437 1028 2487 et
1049 2427 1171 2486 Triballi
1287 2432 1355 2486 victi
1374 2437 1447 2488 sont.

452 2553 479 2591 a.
496 2533 557 2592 650
586 2532 636 2592 Dc
660 2531 812 2608 triumpho
839 2531 898 2590 huc
924 2529 1079 2590 referendo
1106 2529 1237 2590 dubitari
1262 2529 1377 2608 nequit:
1407 2549 1474 2590 cum
1500 2532 1579 2591 enim
1604 2535 1744 2596 kalendis

583 2633 735 2694 Ianuariis
757 2633 827 2693 anni
843 2632 904 2692 650
926 2632 980 2710 (=
998 2632 1057 2694 649
1074 2631 1175 2710 Cap),
1197 2633 1307 2710 quibus
1322 2634 1449 2692 alterum
1462 2635 1650 2696 consulatum
1665 2639 1744 2715 iniit,

584 2737 768 2813 triumphum
795 2735 894 2814 egisse
921 2742 1037 2796 constet
1056 2735 1200 2808 Marium,
1225 2745 1294 2795 ante
1320 2736 1400 2795 hunc
1425 2737 1503 2796 clius
1524 2757 1561 2796 eo
1582 2758 1661 2798 anno
1683 2763 1744 2802 non

585 2847 686 2916 potest
706 2840 870 2916 inscriptus
891 2838 995 2898 tuisse.
1038 2835 1088 2898 Of.
1111 2837 1235 2900 Sallust.
1258 2837 1322 2916 lug.
1342 2837 1413 2897 114:
1440 2838 1571 2899 salente
1591 2842 1744 2904 Ianuariis

584 2961 689 3019 mopna
709 2942 807 3019 plorio
826 2939 926 3000 consul
940 2942 1133 3018 triumphauit,
1155 2949 1185 3000 et
1199 2941 1281 3000 Plut.
1295 2939 1371 3016 Mar.
1391 2939 1441 2999 tt:
1464 2932 1571 3023 Μοίριος
1586 2941 1616 3001 ἐκ
1630 2938 1746 3016 Λιβύης

584 3039 656 3112 μηνί
678 3043 731 3102 τοῦ
750 3032 963 3128 στραταίματος
981 3032 1179 3112 διακομισθεὶς
1198 3037 1299 3102 αὐταῖς
1317 3034 1477 3104 καλάνδαις
1489 3040 1674 3128 Ἰανουαρίαις

584 3136 635 3216 τήν
654 3167 686 3203 τι
706 3140 846 3204 inaratae
868 3135 996 3211 ἆνίλαβε
1017 3134 1065 3202 καί
1086 3137 1134 3202 τίν
1153 3137 1303 3226 θρίαμβον
1319 3139 1478 3215 timidas-ev.
1495 3179 1533 3191 -
1555 3147 1744 3212 Praenomen

586 3249 683 3328 petris
704 3247 794 3309 Marii
816 3248 941 3309 tradidit
962 3247 1143 3307 l'lntcrchns
1165 3247 1242 3307 Mer.
1258 3248 1286 3306 3.

1486 3351 1533 3411 W.
1555 3351 1699 3414 Hurzsu.

413 3439 617 3449 Η-

489 3577 512 3640 ¹)
541 3575 729 3642 [confirmetur
746 3577 796 3628 hoc
815 3578 962 3629 testimonio
981 3575 1051 3644 quod
1069 3578 1132 3629 olim
1151 3577 1228 3628 docui
1246 3577 1306 3628 hist.
1325 3577 1400 3630 Rom.
1420 3575 1453 3627 2⁶
1474 3593 1499 3644 p.
1516 3579 1582 3641 146,
1602 3595 1671 3632 cuno
1687 3585 1743 3638 64⁷

412 3687 465 3724 non
483 3672 609 3732 Marium,
634 3670 680 3722 sed
698 3671 833 3722 Metellum
856 3671 884 3722 in
903 3671 996 3722 Atrion
1018 3671 1144 3722 exercitui
1168 3669 1323 3737 praefuisse,
1347 3670 1459 3721 Marium
1483 3671 1507 3721 et
1527 3674 1679 3726 successisse
1699 3686 1746 3728 sut

413 3780 445 3816 eo
467 3779 537 3816 suno
561 3770 670 3814 exeunte
695 3769 741 3814 sut
764 3764 892 3829 principio
914 3763 1054 3830 sequentis.
1091 3763 1160 3814 Nem
1179 3762 1312 3814 Metellum
1336 3769 1395 3827 post
1418 3763 1529 3814 reditum
1548 3763 1634 3816 slotim
1654 3769 1744 3822 trium.

411 3857 505 3924 phcssc
523 3857 630 3908 dubium
648 3871 701 3908 nou
720 3863 767 3908 est.
804 3857 856 3908 Tu.
869 3854 919 3920 M]
986 3891 996 3909 .
