3618 5968
489 660 787 712 oasuava‘nouss
814 659 1101 712 111111111111.
1388 639 1460 711 249

126 845 284 894 enumeret
305 843 377 910 quot
398 835 532 910 praemia
554 834 710 901 rettulerit,
740 833 792 890 sed
814 833 901 892 etiarn
925 834 1042 908 quoties
1064 833 1178 891 frustra
1199 832 1315 902 exierit,
1338 833 1462 890 summis

126 938 167 996 iis
186 937 354 995 coniunctis
377 936 571 994 certaminum
593 952 734 992 numerus
756 935 903 992 efficiatur
918 953 1038 993 necesse
1059 944 1115 1004 est,
1135 944 1163 990 et
1179 953 1247 992 vere
1264 934 1390 992 allicitur
1406 933 1461 990 sic:

552 1073 624 1130 vicit
953 1071 1030 1130 1462

554 1174 700 1232 secundas
722 1173 789 1232 tulit
971 1173 1027 1232 861

555 1276 657 1333 1111111
681 1275 748 1334 tulit
970 1275 1029 1333 576

554 1389 676 1452 quartas
1015 1379 1028 1434 1

553 1478 665 1536 frustra
687 1479 750 1536 exit
952 1479 1027 1537 1351

555 1581 640 1656 bigas
664 1579 733 1639 vicit
1013 1583 1029 1639 3

554 1682 591 1738 ad
614 1681 745 1740 albatum
1016 1683 1027 1738 l

555 1784 592 1841 ad
615 1785 767 1860 prasinum
1013 1783 1030 1840 2

951 1923 1030 1980 4257

130 2037 219 2094 Haec
242 2043 385 2101 extrema,
413 2032 478 2090 dico
507 2032 605 2088 locum
633 2031 724 2089 tituli:
750 2043 901 2108 praeterea
923 2034 1005 2108 bigas
1029 2031 1053 2090 111
1074 2032 1225 2102 11111111,
1254 2034 1294 2088 ad
1315 2033 1414 2091 albata
1437 2011 1465 2104 J,

130 2141 173 2196 ad
203 2141 329 2213 prasina
352 2137 401 2205 II,
434 2153 535 2191 verum
563 2143 609 2192 est
642 2153 747 2210 parum
776 2134 923 2211 intellegi,
961 2144 994 2192 ut
1019 2134 1089 2191 item
1115 2152 1192 2208 quae
1220 2135 1400 2210 praecedunt
1427 2133 1464 2192 de

130 2241 347 2316 quadrigarum
379 2236 592 2295 certaminibus
618 2245 688 2312 post
714 2236 804 2293 verba
829 2238 947 2310 frustra
977 2240 1032 2294 ecit
1057 2235 1238 2294 oeCCCLI:
1271 2237 1311 2294 ad
1341 2246 1466 2294 venetum

131 2345 203 2400 aicit
227 2341 276 2410 X,·
311 2341 351 2396 ad
377 2339 504 2396 albatam
530 2341 599 2394 aicit
624 2336 774 2394 LXXXI
800 2337 872 2413 quid
904 2337 1073 2412 significent
1102 2337 1244 2395 incertum
1272 2349 1327 2396 est.
1374 2338 1464 2395 Errat

132 2454 232 2501 tamen
261 2443 325 2498 sine
354 2440 444 2496 dubio
466 2438 681 2496 Friedlaender
703 2458 731 2516 p.
748 2439 807 2496 497
831 2440 872 2497 ad
891 2438 1017 2498 albatam
1041 2458 1100 2496 non
1128 2439 1246 2498 differre
1267 2440 1403 2499 iudicans
1426 2441 1463 2498 ab

133 2564 169 2602 eo
198 2543 279 2618 quod
306 2551 353 2600 est
374 2546 404 2598 iu
420 2543 551 2615 suctione
572 2541 681 2612 albata,
710 2559 775 2598 cum
804 2541 859 2598 hoc
885 2548 990 2616 postea
1016 2542 1133 2599 demum
1156 2549 1297 2617 sequatur
1318 2541 1464 2617 (prasinis

136 2645 219 2706 CCX
228 2646 269 2703 l'I
273 2688 280 2714 ,
302 2648 406 2701 venetia
432 2641 525 2712 CCV,
548 2643 652 2700 albatia
675 2641 832 2714 LXXXI,
863 2650 895 2700 ut
917 2644 1064 2719 reliquum
1086 2643 1276 2700 victoriarum
1300 2663 1464 2715 numerum,

133 2749 186 2822 qui
203 2757 250 2804 est
265 2742 476 2812 DCCCCLX,
499 2741 640 2820 ‘agitator
661 2743 799 2802 factionis
815 2739 962 2802 russatae'
985 2746 1112 2802 russatis
1128 2745 1328 2820 reportavisse
1351 2745 1465 2803 intelle·

134 2849 247 2926 gutur).
292 2846 387 2904 lmuro
414 2865 480 2902 cum
509 2846 688 2921 praecedant
718 2846 881 2904 certamina
907 2847 971 2904 sine
997 2847 1130 2922 praemio
1153 2859 1283 2922 peracta,
1310 2847 1465 2922 probabile

135 2959 180 3008 est
202 2951 260 3008 hoc
283 2946 445 3024 significari
469 2947 569 3004 decem
597 2966 698 3004 eorum
723 2946 857 3004 Dioclem
885 2949 928 3005 ita
950 2947 1127 3022 perdidisse,
1156 2960 1187 3007 ut
1213 2950 1345 3024 reliquos
1373 2949 1467 3026 agita·

135 3063 216 3110 tores
238 3059 307 3126 post
329 3068 361 3108 se
383 3048 574 3124 relinqueret,
598 3056 768 3106 venetorum
789 3057 887 3107 autem
909 3049 992 3106 solus
1013 3069 1078 3107 euru
1099 3058 1254 3124 superaret
1274 3050 1364 3108 etsie
1384 3051 1466 3108 dein·

134 3173 217 3229 ceps.
255 3151 323 3210 Hoc
343 3151 374 3208 in
390 3150 512 3208 dubium
529 3151 628 3208 vocari
646 3169 702 3208 non
718 3156 826 3227 potest,
849 3169 915 3208 curn
932 3150 1465 3228 11111111111111111111111νί9111)

135 3275 215 3332 quae
243 3255 380 3312 dicuntur
402 3251 575 3322 certamina,
603 3252 670 3308 loco
693 3252 745 3326 qui
766 3251 871 3326 incipit
892 3251 1039 3309 vocabulo
1059 3263 1209 3326 praeterea
1230 3272 1308 3328 quaa
1330 3255 1366 3312 de
1389 3255 1466 3332 bigis

136 3359 274 3416 dicuntur
302 3373 361 3412 non
388 3353 544 3410 reserenda
567 3371 634 3410 esse
659 3354 737 3410 inter
758 3352 922 3411 certamina
943 3361 1011 3410 ante
1034 3353 1121 3424 dicta,
1150 3354 1202 3412 sed
1230 3373 1363 3414 seorsum
1386 3375 1466 3414 uom-

134 3456 277 3536 putanda.
321 3453 513 3530 Significatur
535 3465 631 3512 autem
656 3453 818 3512 secundum
842 3471 974 3528 eaquae
997 3453 1126 3512 diximus
1148 3455 1224 3531 bigis
1247 3476 1312 3514 eum
1335 3467 1466 3516 certasse

136 3560 253 3628 sexies,
289 3557 398 3614 vicisce
421 3565 479 3626 ter,
513 3566 557 3613 ter
592 3557 701 3614 victum
734 3573 801 3613 esse
834 3556 872 3613 ab
904 3555 1102 3630 agitatoribus
1135 3557 1297 3615 factionum
1330 3558 1465 3617 aliarum.

136 3661 229 3734 Quod
255 3678 313 3718 non
341 3658 461 3733 saepius
484 3657 562 3734 bigis
591 3657 730 3726 cucurrit,
753 3656 819 3714 ideo
842 3657 1073 3728 1111111111111,
1100 3659 1180 3732 quod
1204 3670 1336 3716 autnon
1359 3660 1466 3720 licebat

135 3771 189 3822 aut
215 3779 321 3838 parum
348 3761 506 3817 honestum
533 3760 688 3818 videbatur
716 3759 743 3817 ei
772 3759 823 3834 qui
850 3758 995 3835 quadriga
1022 3760 1205 3818 cucurrisset
1230 3761 1267 3817 ad
1295 3761 1394 3836 bigam
1421 3783 1466 3820 re-

135 3867 215 3936 dire3
246 3883 314 3920 nam
341 3881 359 3918 a
384 3862 462 3937 bigis
490 3861 612 3936 aurigas
645 3861 791 3938 incepisse
819 3869 848 3918 11
879 3862 958 3918 11111
991 3862 1096 3919 suadet
1129 3871 1158 3920 11
1184 3863 1262 3936 quod
1296 3863 1404 3940 legitur
1436 3865 1466 3921 in

136 3965 254 4026 Dioclis
283 3963 370 4021 titulo
395 3982 421 4020 v.
447 3963 482 4020 13
510 3981 565 4036 quo
594 3981 669 4019 anno
693 3967 816 4037 primum
841 3963 993 4039 quadripia
1024 3967 1115 4020 uictor
1141 3961 1282 4038 1111111111)
1303 3996 1343 4006 -
1364 3963 1468 4023 Fried-

134 4067 260 4126 laender
282 4084 310 4140 p.
328 4064 386 4122 497
410 4081 475 4121 cum
504 4083 562 4121 non
585 4063 784 4122 intellexisset
805 4083 959 4122 numerum
986 4066 1179 4124 certaminum
1207 4066 1237 4122 in
1260 4065 1327 4140 ipso
1352 4065 1467 4124 Dioclis

136 4169 256 4228 titulum
273 4165 470 4242 perscriptum
487 4182 563 4234 csse,
585 4165 641 4220 boc
661 4176 739 4222 recte
755 4165 827 4224 vidit
842 4185 908 4223 eum
925 4165 1003 4224 ellici
1018 4185 1108 4242 posse
1123 4185 1159 4224 ex
1182 4169 1313 4224 numeris
1334 4167 1466 4243 reliquis,

137 4287 285 4328 summam
316 4274 414 4324 autem
447 4266 567 4343 collegit
595 4265 733 4334 VCCLI,
769 4267 884 4324 scilicet
912 4267 1045 4344 reliquos
1077 4287 1217 4326 numeros
1250 4278 1328 4327 recte
1359 4269 1467 4344 posuit,

137 4391 195 4430 non
219 4368 405 4446 computavit
425 4387 479 4426 sex
503 4369 666 4426 certamina
687 4368 832 4443 bigarum,
855 4369 1040 4445 computavit
1062 4369 1139 4445 quod
1157 4369 1280 4429 Diocles
1304 4369 1396 4446 (1.8)
1418 4367 1470 4428 ‘ud

137 4465 436 4540 1111111111111ω’,
459 4471 548 4544 quasi
570 4470 651 4527 mille
673 4471 746 4528 haec
768 4470 932 4528 certamina
953 4471 984 4528 in
1006 4471 1130 4547 reliquis
1154 4491 1212 4529 non
1234 4473 1466 4549 comprehende·

137 4587 248 4632 rentur.
295 4574 336 4628 At
361 4571 513 4628 evidenter
534 4572 608 4630 baec
635 4571 725 4628 verba
752 4570 783 4627 id
810 4571 909 4648 ipsum
932 4571 1111 4650 significant,
1138 4573 1218 4648 quod
1242 4572 1337 4633 Gutta
1358 4575 1388 4631 iu
1412 4593 1468 4633 suu

139 4677 225 4735 titulo
254 4672 389 4732 enuntiat
415 4674 516 4732 verbis
542 4673 619 4730 mille
641 4673 757 4748 pulutat
783 4675 932 4750 complevi,
960 4675 1075 4733 scilicet
1098 4673 1235 4732 Dioclem
1263 4677 1300 4732 ad
1327 4675 1470 4734 honorem

141 4777 317 4852 pervenisse
337 4775 469 4848 miliarii,
493 4783 526 4832 ut
544 4775 653 4833 litteris
672 4775 871 4852 perscriptum
893 4775 1000 4851 legitur
1019 4777 1048 4834 in
1068 4775 1172 4834 eodem
1191 4777 1278 4835 titulo
1297 4796 1324 4835 v.
1342 4777 1387 4836 18.
1402 4775 1451 4836 23.

217 4961 240 5022 ¹)
263 4963 304 5010 Ita
329 4964 469 5026 significari
494 4963 576 5026 ipsum
596 4962 717 5013 Dioclem
741 4977 793 5013 uon
818 4962 946 5012 dubitabit
969 4963 1011 5028 qui
1038 4978 1153 5012 armorum
1171 4961 1256 5012 rudem
1276 4965 1471 5030 comparaverit.

141 5054 180 5104 01.
199 5054 385 5104 Friedlaender
404 5070 428 5118 p.
443 5054 505 5104 495.

216 5143 241 5206 ²)
262 5145 447 5195 Friedlaendcr
466 5147 557 5210 11197
583 5147 652 5211 quod
678 5153 717 5196 est
741 5147 768 5196 in
787 5145 861 5196 titulo
881 5146 953 5211 bigas
973 5147 1096 5196 miliarias
1116 5147 1235 5198 Dioclem
1259 5149 1348 5198 vicisse
1369 5157 1414 5208 tcr,
1434 5150 1471 5198 ita

140 5238 238 5301 accepit
262 5245 300 5287 ter
323 5238 396 5286 milia
420 5237 585 5287 victoriarum
610 5238 675 5303 bigis
700 5253 758 5288 eum
782 5245 926 5304 reportasse
950 5253 1040 5303 parum
1066 5239 1242 5304 probabiliter.
1281 5241 1347 5290 Mihi
1368 5241 1472 5291 miliarii

142 5328 292 5378 vocabulum
311 5329 344 5378 ad
365 5329 508 5392 praemium
529 5329 629 5378 videtur
647 5331 776 5395 pertinere
796 5329 830 5390 (v.
851 5346 876 5394 p.
891 5329 964 5391 251).

227 5415 272 5473 lV
1232 5421 1268 5478 17
