3684 5984
409 591 483 664 3⁷0
1012 607 1136 660 cavea

410 786 464 859 eie,
487 793 519 844 nt
539 781 667 862 possint.
702 782 810 860 ltaque
831 787 972 858 quoniam
995 801 1087 860 supra
1106 783 1237 842 vidimus
1257 800 1355 859 nequo
1369 782 1448 860 apud
1463 784 1679 860 praetorianos
1697 805 1739 841 ne·

411 907 469 964 que
490 887 520 946 in
542 885 713 944 cohortibus
736 885 933 944 auxiliaribus
949 883 1069 956 milites,
1091 885 1142 959 qui
1159 884 1272 944 vexilla
1285 893 1433 962 gererent,
1454 885 1633 944 vexillarios
1650 885 1739 944 dictos
1812 947 1813 970 χ

410 1007 489 1062 esse,
516 997 648 1048 statuere
670 1006 848 1065 possumus,
873 987 962 1046 etiam
986 1004 1005 1044 a
1025 987 1196 1064 legionibus
1219 1006 1255 1044 ea
1276 987 1395 1064 quidem
1424 994 1536 1059 aetate,
1564 1006 1606 1046 ex
1629 1006 1692 1064 qua
1711 988 1741 1044 ti·
1812 995 1813 1054 J

411 1091 466 1152 tuli
488 1099 623 1162 exstant,
648 1089 708 1150 tale
730 1107 838 1148 munus
861 1088 990 1147 alienum
1012 1087 1115 1148 fuisse.
1159 1087 1267 1164 Neque
1288 1099 1388 1148 tamen
1411 1090 1473 1148 veri
1495 1089 1595 1149 simile
1621 1100 1670 1149 est
1691 1090 1740 1148 hoc

411 1193 613 1272 superioribus
635 1192 820 1268 temporibus
847 1191 934 1250 aliter
958 1191 1063 1250 fuisse.
1107 1187 1177 1264 Qua
1197 1211 1230 1250 re
1253 1191 1401 1251 vexillarii
1422 1193 1644 1263 centuriarum,
1673 1211 1742 1269 quos

411 1295 633 1374 Marquardtius
655 1313 682 1372 p.
700 1294 759 1353 335
782 1293 878 1366 fiuxit,
901 1293 976 1351 nulli
998 1313 1138 1370 umquam
1160 1293 1254 1352 fuisse
1275 1294 1400 1372 putandi
1421 1303 1501 1354 sunt.
1535 1294 1648 1372 Neque
1671 1297 1741 1355 enirn

412 1401 480 1459 loco
509 1397 647 1476 Polyhii,
673 1413 761 1473 quem
787 1396 902 1468 laudat,
927 1395 1090 1472 quidquam
1119 1396 1149 1454 in
1176 1396 1233 1454 hac
1259 1417 1292 1456 re
1318 1397 1458 1466 eflicitur,
1488 1398 1561 1472 qnia
1590 1415 1674 1474 quos
1698 1397 1742 1455 ille

414 1501 484 1578 (Vl,
507 1500 556 1573 24,
580 1499 614 1576 6)
636 1488 845 1582 σημαιοφόρους
867 1499 954 1571 dicit,
980 1498 1114 1574 signiferi
1136 1499 1236 1576 potius
1258 1518 1347 1575 quam
1372 1498 1521 1558 vexillarii
1542 1497 1659 1560 Latine
1680 1499 1743 1558 dicti

412 1621 481 1662 esse
501 1601 648 1661 videntur.
692 1600 827 1676 Quodsi
849 1602 880 1660 in
901 1601 1073 1678 legionibus
1095 1600 1207 1659 milites
1230 1603 1317 1678 signa
1342 1608 1480 1680 gerentes
1508 1610 1633 1678 praeter
1659 1602 1744 1680 signi·
1812 1613 1813 1656 t

413 1706 495 1764 feros
517 1704 591 1763 nulli
613 1705 747 1777 fuerunt,
774 1704 917 1762 incertum
944 1713 1056 1775 manet,
1083 1705 1233 1779 quomodo
1256 1704 1287 1762 hi
1308 1723 1362 1780 per
1383 1706 1521 1763 cohortes
1544 1713 1574 1762 et
1595 1707 1743 1764 centurias
1812 1689 1813 1760 l

414 1808 565 1867 distributi
587 1807 705 1866 tuerint.
747 1805 829 1865 Nam
850 1804 1085 1884 ascriptoribus
1108 1807 1259 1866 veteribus
1284 1806 1322 1866 de
1350 1808 1406 1866 hac
1432 1827 1465 1868 re
1490 1825 1551 1866 non
1576 1807 1653 1884 plus
1679 1807 1744 1866 disci

414 1921 515 1989 potest
535 1929 625 1986 quam
649 1929 687 1968 ex
709 1907 813 1966 titulis.
850 1906 930 1966 Nam
953 1925 1132 1984 quamquam
1155 1907 1340 1985 signiferum,
1363 1929 1452 1986 quem
1472 1907 1587 1968 Caesar
1607 1911 1639 1968 h.
1662 1908 1743 1970 G.ll
1812 1911 1813 1916 ’

414 2013 453 2072 25
477 2019 704 2084 commemorat,
731 2011 849 2087 signum
875 2009 967 2068 totius
994 2010 1127 2069 cohortis
1153 2011 1287 2088 gessisse
1311 2012 1402 2070 facile
1426 2010 1621 2089 intellegitur,
1650 2023 1744 2070 tamen
1812 2049 1813 2056 κ

414 2117 471 2174 hoc
493 2133 554 2173 non
574 2114 683 2185 obstat,
706 2113 779 2190 quin
801 2113 890 2170 etiarn
913 2112 1057 2171 centuriis
1079 2129 1151 2171 suos
1173 2113 1334 2191 signiferos
1356 2113 1452 2172 fuisse
1474 2121 1605 2192 putetur.
1643 2113 1744 2190 Neque
1812 2195 1813 2200 η

414 2218 488 2277 haec
509 2217 646 2293 quaestio
666 2215 744 2274 solvi
759 2215 880 2291 poterit,
903 2215 961 2273 nisi
982 2213 1103 2274 fortuna
1124 2217 1210 2274 novis
1232 2216 1432 2275 monumentis
1453 2217 1580 2294 repertis
1604 2235 1745 2294 quaeren-

416 2329 460 2378 tes
483 2319 600 2378 iurerit.
645 2317 706 2380 Sed
727 2318 901 2395 priusquam
928 2317 967 2375 ab
992 2337 1028 2375 ea
1050 2317 1217 2390 discedam,
1242 2320 1341 2378 facere
1363 2336 1423 2377 non
1443 2337 1584 2396 possum,
1611 2320 1686 2396 quin
1707 2321 1744 2376 lo·

416 2442 482 2482 cum
509 2421 658 2497 quendem
679 2419 798 2498 Vegetii
824 2420 963 2491 afferam,
988 2439 1047 2496 quo
1070 2421 1115 2491 id,
1143 2418 1223 2496 quod
1244 2441 1284 2480 ex
1304 2421 1358 2480 illo
1382 2418 1567 2480 Caesariano
1590 2422 1650 2480 viri
1673 2422 1745 2480 docti

415 2523 637 2594 intellexerunt,
659 2521 859 2581 confirmetur.
904 2521 959 2579 llle
981 2522 1070 2593 enim,
1093 2541 1162 2581 cum
1185 2521 1314 2599 (11‚20)
1337 2535 1471 2600 exponat
1492 2522 1529 2582 ab
1551 2524 1687 2600 antiquis
1709 2525 1746 2581 di·

415 2627 527 2686 vinitus
551 2625 721 2686 institutum
745 2642 828 2697 esse,
857 2631 889 2682 ut
915 2644 954 2682 ex
980 2623 1130 2683 donativis
1158 2623 1285 2684 militum
1311 2625 1460 2701 peculium
1488 2635 1645 2686 castrense
1673 2625 1745 2702 apud
1812 2663 1813 2686 r

416 2729 503 2806 signa
524 2729 732 2805 deponeretur,
755 2725 839 2785 addit
860 2725 961 2785 decern
983 2727 1070 2785 folles
1092 2747 1147 2804 per
1167 2727 1305 2786 cohortes
1328 2728 1463 2806 singulas
1485 2729 1603 2806 positos
1618 2747 1699 2801 esse,
1720 2730 1745 2786 in
1812 2721 1813 2782 ³

417 2831 526 2909 quibus
548 2831 621 2889 haee
642 2829 719 2888 ratio
741 2827 932 2900 conderetur3
962 2829 1122 2906 signiferos
1144 2838 1258 2901 autem,
1285 2832 1366 2907 apud
1391 2849 1468 2907 qnos
1490 2850 1528 2890 ea
1548 2831 1626 2890 ratio
1652 2851 1747 2891 serva·
1812 2811 1813 2816 ἵ

418 2942 508 3006 retur,
531 2952 590 2992 nou
614 2931 721 2992 solum*
735 2931 839 2990 fideles
863 2931 915 2990 sed
938 2932 1027 2990 etiam
1050 2932 1184 2990 literatos
1205 2931 1351 3006 homines,
1365 2934 1475 2992 eleetos
1497 2951 1573 2993 esse.
1616 2931 1747 3008 Quodsi
1812 2957 1813 2990 t

418 3037 519 3095 decern
542 3034 630 3094 folles
651 3053 705 3110 per
727 3032 864 3112 singulas
886 3033 1025 3094 cohortes
1048 3033 1197 3092 distributi
1221 3043 1319 3105 erant,
1348 3035 1437 3093 etiam
1464 3036 1565 3095 decern
1588 3036 1747 3112 signiferos

418 3137 582 3198 cohortium
605 3136 701 3196 fuisse
726 3154 852 3196 necesse
878 3146 934 3196 est.
977 3135 1085 3212 Neque
1112 3145 1184 3214 puto
1211 3155 1390 3212 quemquam
1418 3138 1494 3197 illud
1520 3146 1610 3214 caput
1631 3137 1747 3215 Vegetii

416 3239 518 3317 legere
539 3257 641 3316 posse,
666 3238 738 3315 quin
760 3238 855 3297 rerba
877 3239 1032 3314 scriptoris
1054 3238 1098 3296 ita
1119 3239 1288 3316 intellegat,
1314 3251 1347 3299 ut
1371 3239 1425 3298 ille
1451 3250 1570 3317 praeter
1590 3240 1748 3317 signiferos

417 3341 584 3402 cohortium
605 3341 705 3400 nullos
728 3339 804 3400 alios
825 3340 856 3399 in
878 3340 1047 3418 legionibus
1069 3349 1157 3400 notos
1180 3341 1321 3401 habuisse
1342 3343 1488 3401 videatur.

503 3443 580 3520 [lam
595 3455 755 3520 postquam
774 3443 933 3520 diligenter
952 3442 1078 3502 collecta
1100 3452 1170 3502 sunt
1190 3463 1268 3520 quae
1290 3444 1325 3502 de
1346 3444 1513 3504 vexillariis
1534 3443 1693 3518 habemus,
1713 3446 1746 3503 de

419 3546 542 3626 propria
562 3545 698 3605 vocabuli
722 3545 940 3624 significatione
957 3547 1038 3605 iusta
1055 3547 1192 3622 quaestio
1210 3546 1327 3606 institui
1341 3554 1450 3622 potest.
1487 3545 1526 3604 Et
1540 3547 1672 3624 primum
1688 3547 1746 3626 qui-

419 3650 485 3709 dem
507 3648 649 3707 vexillum
671 3667 739 3707 cum
761 3647 872 3707 nonin
895 3647 1017 3706 militari
1039 3667 1071 3705 re
1093 3648 1159 3706 sola
1181 3648 1365 3720 adhibeatur,
1396 3649 1450 3707 sed
1477 3648 1606 3726 collegis
1630 3669 1747 3727 quoque

420 3771 476 3811 sua
490 3751 603 3810 vexilla
616 3750 775 3809 habuerint
788 3749 863 3827 (vita
875 3748 1030 3807 Aureliani
1047 3767 1072 3808 e.
1085 3750 1138 3808 34:
1155 3750 1259 3809 vexilla
1274 3751 1454 3828 collegiorum
1469 3761 1554 3826 aque
1568 3753 1747 3828 enehorum),

421 3853 603 3914 semovenda
623 3861 669 3913 est
689 3853 788 3912 schola
802 3851 1017 3911 vexillariorum
1039 3852 1117 3910 tituli
1140 3850 1298 3912 Comensis
1321 3853 1364 3928 (n.
1381 3851 1456 3928 240)
1479 3853 1600 3912 omnino
1622 3855 1746 3914 erebus

420 3956 625 4016 castrensibus
651 3954 824 4025 abhorrens,
852 3953 1048 4029 similiterque
1073 3953 1203 4012 fortasse
1231 3955 1417 4016 statuendum
1445 3957 1502 4015 erit
1528 3957 1564 4015 de
1590 3957 1679 4016 titulo
1706 3978 1747 4015 re·

421 4067 506 4136 porto
527 4057 710 4117 Pessinunte
732 4055 775 4132 (n.
797 4054 881 4132 tta).
904 4089 945 4100 -
968 4055 1085 4114 Deinde
1107 4057 1253 4116 vexillarii
1274 4067 1300 4116 et
1321 4060 1498 4134 imaginisera'
1524 4060 1602 4120 tituli
1625 4059 1747 4119 Germa·

421 4159 481 4220 nioi
504 4160 546 4236 (n.
564 4157 638 4235 241)
653 4159 696 4218 ita
715 4158 851 4217 videntur
870 4157 1033 4236 aecipiendi
1050 4176 1127 4232 esse,
1150 4168 1182 4218 ut
1203 4159 1251 4218 hic
1273 4161 1562 4238 comprehendantur
1583 4171 1644 4221 tam
1668 4162 1747 4238 aqui·

422 4261 500 4320 liferi
527 4271 557 4320 et
582 4261 715 4338 signiferi
741 4279 832 4337 quam
860 4250 910 4338 qrii
937 4261 1057 4338 proprie
1082 4261 1233 4320 vexillarii
1254 4262 1393 4322 dicuntur
1414 4272 1444 4321 et
1465 4264 1642 4323 vocabulum
1666 4283 1746 4323 usur·

425 4373 512 4441 petur
538 4383 598 4423 nou
625 4361 715 4422 solita
741 4372 770 4422 et
793 4363 915 4440 propria
940 4364 1065 4434 ratione,
1091 4363 1144 4421 sed
1171 4364 1278 4422 latiore
1304 4373 1334 4424 et
1359 4367 1538 4441 promiscua.
1560 4401 1602 4410 —
1625 4367 1747 4445 Proprie

424 4478 522 4524 autem
545 4468 656 4540 signam
674 4475 704 4524 et
717 4465 850 4523 ossillum
871 4465 914 4522 ita
936 4465 1084 4535 differunt,
1108 4474 1140 4522 ut
1161 4465 1233 4524 illud
1256 4466 1421 4544 legitimum
1443 4469 1484 4528 sit
1504 4476 1533 4527 et
1555 4469 1672 4542 stabile,
1694 4470 1747 4524 hoo

424 4577 510 4626 extra
531 4567 665 4625 ordinem
692 4574 722 4625 et
747 4585 801 4642 pro
828 4575 961 4645 tempore
989 4567 1162 4644 plerumque
1189 4579 1357 4646 usurpetur.
1401 4570 1449 4628 Ita
1470 4571 1529 4628 duo
1552 4580 1623 4629 sunt
1643 4589 1747 4647 genera

426 4671 565 4740 militum,
593 4670 700 4747 quibus
723 4670 811 4747 signa
831 4670 913 4728 nullu
934 4679 1011 4741 sunt,
1039 4670 1092 4727 sed
1115 4669 1227 4728 vexilla
1248 4681 1378 4744 tantum,
1406 4673 1520 4732 scilieet
1541 4674 1673 4732 veterani
1695 4673 1746 4731 sub

426 4773 521 4851 signis
543 4772 650 4832 retenti
672 4771 716 4849 (n.
736 4769 812 4848 229)
834 4780 864 4831 et
886 4771 1002 4850 vigiles.
1045 4773 1086 4830 Et
1111 4771 1156 4832 illi
1184 4774 1301 4850 quidem
1328 4793 1380 4832 cnr
1405 4775 1540 4850 legitima
1560 4776 1666 4834 militia
1685 4794 1747 4852 per-

426 4884 494 4934 acta
520 4893 574 4951 pro
602 4873 748 4932 militibus
771 4874 868 4952 magis
895 4875 954 4933 sint
980 4893 1069 4952 quam
1095 4875 1219 4946 milites,
1247 4876 1347 4954 quivis
1373 4877 1534 4954 intellegit3
1565 4878 1617 4936 sed
1645 4877 1746 4956 vigiles

428 4995 547 5055 quoque
569 4995 587 5034 a
608 4975 742 5052 legitima
766 4976 874 5035 militia
900 4986 1031 5035 remotos
1058 4995 1124 5037 esse
1149 4996 1209 5036 non
1235 4979 1334 5038 minus
1358 4988 1445 5038 extra
1470 4980 1673 5056 quaestionem
1693 4987 1745 5038 est

427 5079 563 5138 Possunt
592 5077 640 5138 his
673 5077 743 5136 addi
774 5079 919 5138 vacillarit
947 5083 1071 5155 equitum
1103 5079 1162 5138 duo
1194 5081 1304 5158 reperti
1342 5081 1373 5139 in
1409 5081 1582 5142 cohortibus
1612 5081 1745 5160 equitatis

429 5179 493 5257 (nn.
509 5181 558 5239 tt.
574 5179 644 5256 75);
671 5198 740 5239 nam
764 5182 878 5256 equites
904 5200 1005 5239 earum
1031 5201 1101 5258 pars
1124 5183 1254 5242 cohortis
1278 5191 1347 5242 sunt
1368 5202 1465 5261 neque
1485 5185 1546 5261 ipsi
1568 5187 1677 5244 iustum
1697 5203 1745 5241 nu-

430 5301 542 5342 merum
569 5282 763 5343 constituunt.
805 5281 943 5362 Denique
968 5283 1113 5344 iustorum
1141 5303 1300 5363 corporum
1325 5285 1496 5346 militarium
1525 5285 1674 5347 vexillarii
1697 5285 1746 5363 qui
