3618 5968
268 2131 779 2248 nnsnnvtnnnns
818 2133 1293 2246 nnentnnutn.

685 2623 864 2720 XXIII.

141 2839 428 2938 SENATVS
460 2841 850 2954 CONSVLTVM
878 2842 1399 2938 ADRAMYTENVM.

109 3117 263 3263 Senatus
290 3199 418 3258 consulti
440 3217 510 3276 pers
539 3199 616 3258 infra
639 3200 750 3277 scripta
771 3200 879 3278 legitur
900 3199 930 3258 in
953 3199 1055 3258 tabula
1076 3199 1137 3256 alta
1159 3218 1196 3257 m.
1220 3197 1302 3272 0.70‚
1324 3198 1387 3257 lata
1408 3219 1433 3258 e.

106 3321 140 3360 ur.
164 3303 253 3374 0.30‚
282 3301 389 3360 litteris
415 3300 485 3360 altis
512 3321 550 3360 m.
573 3303 659 3372 0.01‚
686 3321 761 3378 quae
791 3311 921 3377 prostat,
951 3313 983 3358 ut
1009 3302 1052 3359 nit
1078 3301 1188 3372 editor,
1222 3299 1249 3357 ἔν
1276 3303 1317 3378 τῷ
1341 3292 1433 3381 τοίχῳ

106 3397 265 3485 dagarum}
286 3391 409 3472 κειαένης
430 3396 505 3464 {rede
526 3404 578 3460 rori
602 3395 694 3472 κη’που
717 3403 768 3460 τοῦ
786 3393 1015 3472 Ἀλῆ-Καβάση
1038 3401 1065 3461 ir
1087 3405 1128 3478 τῷ
1149 3405 1197 3461 νῦν
1215 3395 1434 3486 Ἀδραμυπεῖῳ.

104 3505 202 3564 Edidit
225 3505 266 3565 G.
283 3505 413 3565 Earinus
436 3507 562 3582 primum
586 3507 615 3563 in
638 3505 827 3580 ephemeride
850 3525 877 3580 q.
902 3505 928 3560 d.
950 3495 1042 3561 Ἰωνία
1064 3506 1179 3577 mill,
1207 3506 1313 3564 deiude
1335 3507 1364 3564 in
1387 3526 1433 3566 re-

102 3606 263 3667 lationibus
278 3605 451 3684 Smyrnaeis
471 3609 599 3674 μουσεῖον
621 3598 667 3666 nni
688 3599 875 3675 βιβλιοθήκῃ
899 3607 950 3676 τῆς
971 3601 1166 3683 εὖαγγελικῆς
1186 3609 1302 3683 σχολῆς
1323 3607 1429 3666 susal

102 3707 264 3786 (Smyrnae
287 3709 381 3785 1875)
404 3731 432 3786 p.
456 3709 524 3780 137,
547 3710 672 3786 denique
692 3709 877 3767 emendatius
899 3709 929 3767 in
949 3709 1016 3783 eph.
1032 3703 1152 3790 ’Όμηρος
1174 3709 1284 3785 (1877)
1306 3728 1334 3784 p.
1357 3709 1431 3781 3963

100 3829 225 3886 quarum
249 3812 339 3870 trium
363 3812 525 3871 editionum
548 3813 623 3870 duae
645 3821 812 3889 postremas
837 3811 906 3870 ridi.
947 3810 1096 3886 Repetirit
1117 3811 1185 3868 inde
1208 3810 1265 3868 Th.
1289 3811 1431 3870 Homoile

100 3913 129 3970 in
161 3913 351 3990 ephemeride
384 3914 559 3972 Atheniensi
587 3913 715 3972 Bulletr'n
749 3915 784 3972 de
816 3915 1058 3988 correspondance
1090 3913 1245 3988 heile'm'que
1272 3912 1289 3970 ⁴2
1318 3913 1428 3990 (1878)

98 4035 125 4090 p.
145 4015 204 4075 188
218 4033 282 4090 seq.
310 4015 503 4092 Descriptum
526 4014 564 4072 ad
586 4024 724 4092 eetypum
748 4015 936 4074 chartaceum
960 4016 989 4074 in
1014 4033 1116 4072 museo
1141 4013 1306 4092 Smyrnaeo
1329 4016 1429 4074 adeer-

98 4127 198 4176 vatum
223 4118 305 4175 mieit
326 4117 400 4176 mihi
421 4127 541 4176 curator
563 4117 626 4176 eius
649 4118 742 4176 musei
759 4119 797 4175 A.
814 4117 1027 4194 Pupadopulue
1043 4116 1219 4176 Keranreus.
1237 4150 1275 4160 -
1292 4116 1340 4176 De
1362 4118 1429 4176 ieeo

95 4218 227 4278 Earinus
250 4227 351 4278 monet
366 4219 576 4297 Adramytium
592 4218 670 4296 quod
691 4239 769 4278 nune
785 4228 830 4277 est
852 4238 910 4278 non
931 4219 971 4277 ibi
992 4219 1083 4278 situm
1103 4237 1169 4278 esse
1190 4219 1239 4279 ubi
1261 4220 1317 4278 fuit
1332 4221 1428 4278 Adra-

96 4323 221 4398 mytium
245 4331 343 4379 vetus:
375 4323 425 4392 τῆς
446 4314 587 4404 ἀρχαίας,
608 4321 659 4393 ait,
682 4315 718 4378 nt
740 4312 846 4403 ipsium
867 4311 1047 4392 ἀνεκάλυψα
1068 4313 1196 4378 11τὰτό
1225 4321 1302 4380 1870
1323 4323 1363 4404 2}
1382 4317 1426 4409 u‘ip.

94 4416 213 4504 nrpinuu
240 4417 309 4504 πρός
336 4413 414 4482 adrev
442 4424 493 4478 τοῦ
520 4423 568 4478 νῦν
590 4416 808 4504 Ἀδραμυττειόυ
835 4445 882 4480 και
909 4423 930 4502 ᾖ
957 4413 1000 4504 trip.
1023 4417 1132 4505 μακρὰν
1162 4425 1213 4480 τοῦ
1234 4418 1350 4484 ἐπινείου
1378 4429 1428 4485 τοῦ

94 4527 239 4608 Κεμεριοῦ,
263 4518 341 4582 κατὰ
368 4517 416 4594 τὴν
438 4515 522 4582 &iem
543 4513 728 4606 Koepd-Te'c,
755 4526 854 4600 itaque
877 4524 998 4582 dubium
1026 4543 1092 4584 esee
1115 4535 1237 4584 senatus
1259 4529 1426 4588 consultum

93 4627 150 4686 hoe
178 4647 250 4686 uum
278 4647 317 4685 ex
344 4627 500 4686 ruderibus
524 4626 630 4684 ueteris
653 4627 821 4704 Adramytii
846 4628 959 4685 venerit
986 4646 1021 4684 au
1045 4647 1083 4685 ex
1110 4627 1170 4685 alie
1192 4629 1293 4706 aliquo
1314 4632 1425 4708 oppido

92 4730 202 4786 rieino.

176 4834 314 4909 Apparet
336 4832 464 4908 lapidem
488 4849 579 4906 supra
600 4839 631 4888 et
652 4831 731 4890 infra
753 4831 877 4890 tractum
905 4849 982 4902 esse,
1009 4850 1188 4906 quamquam
1216 4851 1308 4909 supra
1329 4854 1427 4913 pauca

90 4932 219 4992 deiicere
241 4933 393 5004 videntur3
421 4945 575 5010 praeterea
600 4951 705 4992 versus
733 4933 839 5009 integri
866 4947 936 4992 suut
958 4952 976 4990 a
997 4933 1055 4990 fine
1082 4953 1184 4992 omnes
1206 4935 1281 5009 fere,
1305 4956 1323 4993 a
1344 4939 1425 5014 prin-

89 5036 170 5111 cipio
195 5036 263 5096 inde
285 5056 304 5093 a
326 5057 350 5092 v.
374 5037 435 5095 sere
459 5035 507 5095 26.
551 5033 684 5094 Litterae
706 5036 736 5094 in
767 5035 893 5112 singuiis
916 5035 1053 5094 versibus
1080 5045 1148 5094 sunt
1176 5037 1334 5098 fueruntne
1356 5041 1424 5117 plus

91 5138 191 5194 minus
215 5138 427 5197 duodetriceui.
473 5137 598 5199 Secutus
621 5155 687 5196 eum
710 5137 897 5214 potissimum
921 5136 1160 5215 Papadopulum3
1184 5139 1287 5199 Earini
1310 5143 1423 5202 subieci

89 5239 207 5296 variam
229 5239 403 5310 lectionem,
430 5238 542 5298 scilieet
562 5249 653 5317 prout
675 5239 705 5297 in
728 5239 857 5298 editione
880 5238 943 5297 eius
972 5239 1058 5297 tertia
1079 5241 1188 5320 legitur
1210 5242 1339 5301 secunda
1359 5244 1422 5320 ple·

88 5359 217 5417 rumque
238 5341 361 5400 omissa.
404 5341 487 5400 Haec
509 5351 607 5402 autem
631 5351 700 5401 suut
721 5362 798 5418 quae
819 5352 1035 5400 remanserunt.
