3770 5970
449 1792 883 1922 Hillllltolollss
921 1793 1222 1908 ALLIFANI

531 1992 875 2071 FRAGMENTVM
902 1995 1133 2072 ranorum

593 2186 664 2246 (vor.
679 2187 693 2236 1
711 2202 737 2252 p.
752 2187 819 2251 2993
840 2186 906 2254 npu.
920 2187 963 2238 111
981 2203 1006 2254 p.
1022 2187 1077 2250 aa.)

758 2341 912 2352 —n—-u

166 2373 259 2521 Post
271 2467 422 2536 repertum
436 2459 637 2536 fragmentum
655 2458 849 2536 hemerologii
866 2459 991 2518 Allifani
1012 2459 1076 2518 dieo
1091 2459 1247 2520 continens
1264 2459 1341 2536 Aug.
1359 2461 1393 2518 ll
1404 2493 1441 2504 -
1452 2461 1499 2534 19,

165 2563 245 2640 quod
272 2562 421 2620 edidimus
446 2561 535 2619 huiua
556 2562 623 2638 eph.
646 2561 705 2620 vol.
720 2561 767 2619 111
789 2582 816 2638 p.
834 2560 883 2634 85,
914 2561 1135 2638 adiungendum
1164 2562 1241 2639 parti
1270 2561 1381 2620 dudum
1411 2573 1500 2621 notae

164 2666 264 2724 editae
286 2665 316 2721 in
339 2663 474 2739 eorporis
497 2662 587 2721 voli
608 2683 637 2740 p.
655 2661 728 2735 299,
756 2681 828 2722 mox
850 2663 910 2722 ulia
936 2663 1086 2742 particula
1113 2664 1224 2740 prodiit
1245 2663 1360 2722 dierum
1383 2663 1497 2740 dupli

165 2767 244 2823 -ll
271 2767 373 2842 itaque
395 2768 572 2823 continuone
595 2764 626 2821 id
649 2766 729 2840 quod
750 2783 844 2844 nuper
859 2765 1017 2824 edidimus.
1051 2764 1121 2823 Vidi
1144 2765 1207 2842 ipae
1230 2772 1260 2824 et
1279 2765 1425 2841 descripsi
1440 2761 1498 2824 Oa·

163 2887 241 2944 puae
263 2868 293 2926 in
317 2883 422 2924 museo
444 2867 579 2942 publico,
607 2865 659 2924 ubi
686 2865 774 2924 hodie
797 2867 855 2924 duo
878 2886 973 2944 nuper
994 2875 1112 2943 reperta
1133 2866 1345 2938 adservantur,
1373 2885 1440 2925 eum
1467 2863 1500 2924 id

162 2969 246 3044 qnod
272 2968 388 3045 pridem
416 2968 604 3027 eruderatum
632 2977 679 3026 eat
706 2977 823 3045 proetet
844 2967 974 3047 Neapoli
997 2969 1027 3028 in
1051 2985 1155 3028 museo
1177 2968 1312 3046 publieo;
1341 2968 1399 3026 hoo
1420 2967 1498 3026 euim

162 3070 329 3128 voluerunt
357 3069 420 3128 sive
446 3069 575 3128 latorum
600 3069 743 3146 iniquitas
771 3071 837 3130 aive
863 3087 953 3130 eaeoa
978 3069 1132 3128 hominum
1161 3070 1277 3141 studia,
1306 3077 1340 3128 ut
1365 3068 1499 3128 eiundem
1533 3125 1537 3134 ,

160 3172 312 3248 praeclari
336 3171 518 3230 monumenti
544 3171 661 3230 luoerae
688 3172 831 3249 reliquiae
857 3171 1013 3249 expositae
1035 3171 1096 3230 aiut
1120 3171 1152 3230 in
1173 3171 1288 3230 duobus
1311 3170 1424 3230 mueeie
1446 3189 1501 3248 pu·

161 3275 249 3332 blicie
273 3273 422 3332 ambobus
444 3281 474 3332 et
495 3273 641 3332 ambobua
663 3273 759 3331 ltalia.
793 3272 910 3332 Prodiit
929 3273 960 3331 in
982 3274 1057 3332 aetia
1080 3273 1233 3333 aoeietatia
1249 3269 1422 3350 Campanae
1443 3269 1499 3331 Ca·

160 3376 293 3435 serlonis
318 3393 345 3433 a.
365 3375 442 3434 1876
465 3393 495 3452 p.
511 3374 550 3434 68
574 3392 637 3452 seq.
680 3373 765 3435 Haeo
786 3382 885 3435 autem
907 3382 978 3434 eunt
999 3375 1129 3453 quaein
1150 3393 1185 3435 eo
1207 3375 1355 3456 leguntur.

247 4401 341 4460 Haeo
355 4397 499 4475 particula
512 4405 546 4456 ut
560 4397 678 4475 exigua,
694 4396 737 4456 ita
750 4413 940 4475 nequaquam
956 4394 1071 4455 inutilia
1086 4405 1141 4454 eat.
1171 4394 1305 4455 Primum
1321 4397 1501 4457 eaerideium

159 4504 325 4582 poblicum
349 4495 413 4558 Soli
434 4499 556 4576 indigeti
579 4500 714 4560 oblatum
740 4501 771 4558 in
793 4499 868 4558 oolle
891 4495 1041 4572 Quirinali
1063 4515 1132 4557 oum
1154 4496 1251 4558 adhue
1272 4497 1435 4558 dubitatum
1463 4499 1503 4558 eit

161 4615 269 4664 utrum
291 4599 479 4661 referendum
501 4602 542 4660 eit
556 4602 594 4660 ad
609 4600 687 4660 diem
702 4602 781 4680 Aug.
798 4600 816 4659 8
839 4617 906 4659 oum
920 4597 1267 4674 hemerologioVallenei
1283 4618 1321 4658 on
1336 4599 1374 4658 ad
1389 4599 1469 4678 Aug.
1483 4599 1501 4658 9

161 4725 235 4766 oum
259 4703 462 4776 Amiternino,
491 4703 551 4761 iam
579 4703 649 4761 huie
677 4703 822 4762 calculum
851 4701 942 4761 adicit
971 4701 1074 4760 tabula
1098 4700 1244 4760 Allifano.
1286 4699 1411 4760 Maioris
1438 4719 1502 4760 mo-

162 4807 261 4866 menti
287 4813 348 4878 est,
377 4806 456 4882 quod
481 4804 552 4862 hino
576 4803 720 4864 dieoimue
746 4803 904 4880 pristinam
932 4811 1032 4861 notam
1061 4801 1119 4862 diei
1145 4802 1273 4881 Aug.9,
1299 4819 1376 4879 quae
1404 4801 1502 4860 adhue

162 4908 373 4985 ignorabatur,
396 4905 488 4964 fuisse
509 4921 538 4978 ες
562 4924 631 4963 nam
645 4923 712 4964 eum
728 4903 848 4964 tabulae
869 4903 1014 4980 reliquae,
1036 4903 1191 4981 inquibus
1213 4904 1240 4962 ie
1256 4903 1320 4963 diea
1342 4903 1501 4976 invenitur,

160 5009 334 5069 Maffeiana
360 4991 511 5066 Valleneie
538 5006 726 5066 Amiternina
752 5005 908 5065 Antiatina
931 5013 1031 5064 notam
1055 5005 1251 5077 habeantne,
1279 5005 1334 5064 hoo
1355 5003 1447 5064 serios
1471 5013 1504 5062 ut

163 5113 337 5188 apparebat
350 5108 498 5186 proficisci
514 5127 553 5166 ex
567 5109 693 5168 victoria
708 5107 886 5168 Pharsalica
907 5126 938 5166 a.
951 5107 1021 5179 706,
1044 5107 1087 5166 ita
1107 5106 1190 5166 ouius
1213 5107 1331 5184 generis
1346 5103 1410 5164 dieo
1433 5113 1502 5164 ante

159 5213 279 5273 lnieeet
298 5210 519 5290 ignorabamus.
555 5210 605 5270 Ex
620 5210 775 5271 duodecim
798 5209 890 5290 igitur
909 5209 1025 5284 diebos,
1048 5227 1176 5288 quorum
1198 5207 1255 5268 vol.
1272 5207 1287 5266 1
1308 5227 1338 5286 p.
1355 5205 1415 5267 366
1438 5206 1503 5266 dixi

252 5311 301 5372 1v
1281 5307 1294 5366 l
