3684 5984
435 627 507 700 392
1037 648 1158 700 cavus

432 843 460 898 p.
481 821 560 882 1020
582 823 619 882 de
641 823 697 882 hoc
719 841 827 899 genere
849 822 1032 899 exposuit1).
1070 822 1158 881 Dixit
1178 822 1257 881 enim
1280 823 1463 900 praefectum
1485 822 1561 894 urbi,
1583 839 1756 898 quamquam

431 927 605 984 cohortibus
633 926 754 984 urbanis
781 925 959 1002 praefuerit,
992 933 1091 983 tamen
1123 925 1243 984 militari
1271 925 1397 1002 imperio
1424 924 1559 984 caruisse
1586 941 1683 999 neque
1711 940 1757 980 eos

432 1029 557 1096 comites
579 1028 732 1098 habuisse,
760 1028 810 1103 qui
832 1027 969 1098 tribunis,
999 1027 1118 1104 legatis,
1145 1026 1268 1104 reliquis
1291 1026 1364 1084 viris
1387 1026 1508 1084 militari
1532 1025 1658 1103 imperio
1679 1044 1756 1102 prae·

432 1130 502 1188 ditis
532 1129 665 1189 attributi
692 1131 811 1188 fuerint.
855 1130 898 1186 At
918 1129 993 1187 duos
1015 1129 1125 1189 milites
1148 1148 1167 1186 a
1188 1129 1416 1204 quaestionibus
1438 1128 1658 1206 praefectorum
1680 1127 1756 1186 urbis

431 1233 635 1292 Mommsenus
656 1232 699 1309 (p.
720 1231 814 1307 1021)
829 1233 894 1308 ipse
913 1233 1009 1302 alfort,
1032 1231 1259 1290 cornicularium
1281 1232 1361 1290 infra
1382 1231 1436 1306 (X,
1452 1231 1507 1308 32)
1529 1231 1691 1310 proferam,
1713 1251 1758 1288 ne·

431 1353 489 1410 qne
505 1335 567 1393 ulla
581 1353 673 1394 causa
693 1344 748 1406 est,
772 1353 823 1392 cur
842 1334 990 1409 exemplis
1012 1333 1269 1392 beneficiariorum
1291 1352 1382 1412 supra
1403 1333 1562 1411 adscriptis
1583 1332 1757 1392 diffidamus.

431 1435 510 1494 Nam
534 1454 674 1496 numerus
697 1456 808 1508 eorum,
831 1437 968 1511 quamvis
992 1454 1103 1511 parvus
1126 1436 1166 1494 sit
1187 1443 1217 1493 et
1239 1445 1394 1511 superetur
1414 1454 1536 1495 numero
1558 1435 1757 1494 beneficiario·

430 1559 494 1597 rum
510 1540 728 1615 praefectorum
743 1539 894 1616 praetorio
910 1539 1088 1615 striglium,
1111 1545 1210 1596 tamen
1228 1539 1331 1596 horum
1347 1539 1431 1597 multi
1446 1539 1476 1597 in
1492 1537 1647 1596 laterculis
1661 1537 1759 1614 legna-

431 1651 489 1713 tur,
516 1661 643 1718 quorum
666 1661 682 1698 e
705 1642 879 1700 cohortibus
902 1640 1025 1700 urbanis
1047 1660 1157 1718 parvae
1180 1649 1295 1699 tantum
1316 1640 1462 1717 reliquiae
1484 1649 1614 1700 exstant.
1658 1638 1759 1716 Neque

432 1745 615 1816 miraremur,
638 1745 664 1803 si
686 1761 836 1816 numerus,
858 1761 918 1819 quo
941 1745 970 1801 in
993 1743 1050 1801 hoc
1071 1761 1178 1819 genere
1200 1744 1367 1818 praefectus
1384 1743 1447 1801 urbi
1463 1764 1482 1801 a
1496 1742 1657 1821 praefectis
1680 1761 1757 1819 prae·

430 1847 509 1906 torio
531 1855 561 1904 et
584 1846 705 1924 vigilum
728 1846 829 1918 distat,
852 1846 948 1904 maior
962 1855 1051 1917 esset,
1074 1865 1162 1921 quam
1185 1853 1239 1916 est,
1262 1847 1403 1921 quoniam
1426 1846 1502 1904 tituli
1526 1845 1695 1903 cohortium
1717 1865 1759 1902 ur·

390 2016 396 2028 ⁶
429 1951 573 2008 banarum
601 1949 695 2007 multo
727 1949 884 2024 pauciores
914 1966 1003 2022 quam
1035 1949 1291 2025 praetorianorum
1323 1955 1353 2006 et
1381 1948 1505 2024 vigilum
1537 1947 1651 2006 servati
1685 1959 1758 2004 sunt.

431 2049 547 2124 Quodsi
565 2050 785 2109 concedendum
808 2068 875 2109 esse
897 2050 1015 2108 videtur
1037 2051 1217 2127 praefectum
1240 2050 1305 2108 urbi
1327 2050 1527 2109 beneficiariis
1542 2069 1601 2108 non
1617 2050 1758 2122 caruisse,

430 2164 530 2212 tamen
552 2153 621 2211 inde
644 2154 680 2211 de
702 2152 826 2212 militari
846 2154 971 2229 irnperio
995 2153 1059 2210 eius
1081 2152 1154 2211 nihil
1177 2152 1277 2228 colligi
1301 2161 1409 2229 potest,
1431 2153 1503 2228 quia
1517 2153 1604 2210 etiam
1622 2171 1758 2229 procurs-

429 2266 511 2315 tores
533 2256 755 2331 provinciarum
777 2256 823 2314 ius
846 2255 1056 2314 beneficiorum
1078 2254 1244 2312 dandorum
1267 2256 1441 2314 habuerunt.

514 2357 553 2434 C)
597 2357 694 2416 Maior
716 2367 763 2416 est
783 2376 925 2416 numerus
947 2356 1202 2416 beneficiariorum
1225 2359 1444 2434 praefectorum
1467 2358 1602 2435 vigilum.
1641 2357 1683 2415 Et
1704 2359 1758 2434 pri·

429 2481 510 2519 mum
542 2461 660 2538 quidem
693 2460 724 2518 in
752 2480 811 2518 uno
844 2459 931 2518 titulo
966 2459 1147 2518 dedicatoria
1183 2461 1316 2519 cohortis
1346 2460 1493 2520 secundae
1520 2462 1655 2537 quinque
1680 2481 1759 2536 repe·

428 2563 557 2622 riantur:

492 2665 562 2725 266.
597 2663 631 2725 (l.
654 2665 751 2724 Iulius
775 2664 984 2741 Onesiphorus
1006 2666 1034 2724 b.
1058 2685 1103 2742 pr.
1197 2701 1223 2750 ρ,
1244 2685 1274 2736 c,
1296 2685 1349 2735 210

492 2767 562 2827 267.
597 2765 630 2827 Ο.
648 2767 787 2826 Valerius
810 2766 946 2825 lulianus
968 2768 996 2824 b.
1019 2787 1064 2845 pr.

492 2869 561 2930 268.
599 2869 628 2931 S.
645 2870 788 2928 Valerius
810 2869 940 2928 Karicus
964 2870 993 2928 b.
1016 2890 1060 2946 pr.
1197 2866 1244 2926 VI,
1268 2865 1347 2928 1059,

492 2973 562 3032 269.
596 2972 632 3032 T.
651 2971 813 3048 Septimius
828 2971 1035 3030 Felicissimae
1055 2972 1084 3030 b.
1099 2991 1143 3048 pr.

492 3075 561 3134 270.
596 3075 636 3133 M.
659 3075 754 3134 lulius
776 3075 928 3150 Ingenuus
950 3075 979 3133 b.
1002 3093 1046 3150 pr.

429 3178 480 3254 qui
506 3195 561 3253 pro
588 3185 652 3235 tota
678 3178 800 3236 cohorte
827 3177 945 3235 titulum
970 3177 1181 3235 dedicaverunt
1208 3195 1268 3235 una
1294 3197 1360 3236 cum
1386 3187 1498 3254 septem
1528 3179 1764 3249 centurionibus,

429 3280 627 3340 corniculario
650 3280 760 3339 tribuni
783 3289 812 3337 et
833 3289 961 3354 quatuor
982 3278 1117 3338 medicis.
1139 3311 1176 3322 -
1198 3277 1314 3338 Deinde
1333 3281 1364 3339 in
1379 3280 1531 3339 laterculis
1547 3282 1674 3358 vigilum
1693 3284 1764 3340 haec

428 3384 521 3443 habes
544 3383 698 3459 exempla:

491 3484 561 3543 271.
595 3485 623 3544 b.
639 3506 669 3562 p.
685 3483 786 3544 Blossi
801 3484 901 3554 Felix,
924 3486 1076 3550 cohivig,
1091 3487 1206 3536 centuria
1214 3487 1338 3538 Victoris.
1357 3505 1383 3554 p.
1394 3488 1424 3539 C.
1437 3490 1499 3540 205.
1521 3490 1567 3551 VI,
1583 3490 1668 3554 1056,
1684 3493 1710 3553 2,
1724 3493 1765 3540 Η.

492 3587 561 3646 272.
596 3589 625 3646 b.
648 3608 693 3664 pr.
717 3585 752 3646 Ο.
776 3584 936 3646 Cornelius
955 3585 1204 3662 Varronian(us),
1231 3591 1346 3640 centuria
1365 3591 1487 3642 Caeserni
1507 3593 1554 3645 Se-

428 3695 552 3743 necionis.
584 3695 607 3750 1.
624 3693 648 3741 2.
1608 3695 1766 3758 conve-ig,

493 3782 562 3841 273.
596 3783 624 3841 b.
649 3801 691 3857 pr.
716 3779 753 3854 Q.
770 3779 890 3839 Vettius
913 3780 1081 3851 Achilleus,
1105 3783 1193 3832 eadem
1214 3785 1336 3833 centuria.
1368 3787 1392 3846 1,
1408 3787 1451 3836 5⁷.

492 3885 562 3942 274,
596 3885 624 3943 b,
648 3904 691 3961 pr.
715 3884 751 3942 P,
775 3881 872 3941 Naevi
895 3883 1013 3954 Philon,
1036 3886 1152 3934 centuria
1171 3885 1241 3935 Aelii
1261 3887 1395 3952 Torquati.
1430 3890 1454 3950 2,
1472 3890 1497 3936 4.

492 3987 561 4045 275.
596 3987 624 4045 b.
646 4007 688 4064 pr.
711 3987 751 4044 Μ.
772 3986 897 4044 Pontius
919 3985 1079 4056 Diodorus,
1102 3989 1217 4038 carituris
1230 3989 1300 4053 Ulpii
1313 3989 1447 4040 Rutiliani.
1469 3990 1493 4050 3,
1509 3990 1552 4039 st.

493 4087 562 4147 276.
597 4089 623 4146 b.
648 4107 692 4165 pr.
716 4088 752 4148 Τ.
777 4087 882 4147 Aelius
904 4087 1023 4160 Florus,
1046 4089 1161 4140 centuria
1181 4089 1211 4140 0.
1231 4091 1292 4140 Iulii
1310 4091 1378 4142 Rus.
1408 4093 1474 4153 6,1.

1606 3844 1656 3904 vi,
1675 3845 1756 3893 1057.

429 4281 632 4289 ————-

519 4406 548 4477 fl)
578 4405 656 4471 [Mihi
677 4409 838 4458 econtrario
858 4409 1023 4473 meaopiuio
1043 4409 1385 4460 iamvideturcertaesse.
1425 4411 1530 4463 Scilicet
1548 4413 1620 4477 quod
1639 4414 1670 4463 in
1691 4413 1768 4462 titulo

427 4501 611 4552 Beneventano
629 4503 797 4566 perscriptum
817 4508 855 4551 est
872 4509 955 4568 praet.
968 4499 1032 4562 urb,
1053 4502 1080 4550 itl
1100 4503 1234 4552 confirmat
1252 4503 1317 4552 alter
1334 4519 1361 4552 n.
1376 4505 1437 4566 260,
1458 4503 1568 4555 fortasse
1586 4506 1683 4556 tertius
1704 4523 1768 4570 qno·

429 4609 478 4658 que
497 4609 521 4643 n.
537 4591 588 4643 ast
609 4594 669 4643 licet
686 4601 833 4657 corruptus,
857 4609 916 4643 nam
936 4595 1080 4658 diligenter,
1101 4595 1214 4644 maxime
1232 4595 1259 4644 in
1280 4595 1384 4644 urbanis
1403 4597 1492 4657 titulis,
1513 4597 1672 4662 compendia
1692 4613 1768 4663 prae-

429 4689 492 4736 toris
512 4694 537 4734 et
554 4687 677 4751 praefecti
697 4687 896 4750 distinguuntur,
920 4687 1033 4750 exceptis
1051 4687 1148 4736 scilicet
1167 4687 1276 4737 rnilitum
1295 4689 1433 4749 laterculis,
1458 4691 1501 4754 qui
1520 4691 1573 4738 alia
1591 4691 1652 4755 lege
1672 4707 1768 4754 regun-

429 4787 478 4828 tur.
517 4778 594 4840 Quod
613 4779 639 4827 in
659 4793 711 4827 uno
731 4792 820 4828 eorum
840 4786 877 4829 ter
896 4780 1021 4843 reperitur
1041 4777 1063 4827 b.
1076 4797 1117 4846 pr.
1131 4797 1170 4830 ar.
1190 4796 1247 4830 cum
1264 4797 1310 4846 per
1322 4797 1349 4830 se
1362 4789 1388 4829 et
1407 4781 1439 4830 de
1455 4783 1585 4846 praefecto
1604 4783 1668 4834 urbi
1689 4795 1717 4833 et
1737 4785 1769 4831 de

428 4878 545 4938 praetore
562 4871 660 4920 urbano
674 4871 755 4936 accipi
769 4873 857 4936 possit,
878 4871 905 4920 hi
919 4871 1076 4922 beneficiarii
1089 4871 1122 4921 ad
1135 4873 1247 4939 reliquos
1265 4881 1315 4924 tres
1333 4875 1552 4940 interpretationis
1571 4885 1663 4926 certae
1683 4877 1769 4941 expli·

428 4964 504 5014 candi
518 4969 584 5012 sunt.
616 4963 673 5013 lam
693 4963 770 5027 igitur
789 4966 877 5029 negari
897 4979 949 5014 non
969 4971 1052 5028 potest
1071 4965 1248 5016 beneficiarios
1267 4966 1390 5030 praefecti
1404 4967 1460 5017 urbi
1474 4969 1559 5018 nullos
1571 4968 1665 5030 fuisse,
1687 4971 1768 5019 fuime

427 5056 607 5106 beneficiarios
626 5057 750 5118 praetoria
770 5057 862 5105 urbani
881 5065 995 5122 sumptos
1015 5072 1046 5106 ex
1067 5057 1215 5108 cohortibus
1234 5057 1348 5109 urbanis.
1379 5061 1476 5109 Eorum
1490 5061 1642 5112 officialium
1658 5065 1731 5112 ratio
1745 5069 1768 5108 et

427 5164 489 5197 usus
507 5161 661 5213 quamquam
681 5163 733 5197 non
753 5149 914 5212 perspicitur,
935 5149 992 5212 ipsa
1010 5164 1051 5198 res
1070 5165 1121 5199 non
1141 5151 1222 5215 magis
1242 5151 1349 5201 offendit
1362 5167 1439 5217 qnam
1453 5154 1588 5204 offendant
1600 5153 1769 5204 beneficiarii

428 5247 622 5303 procuratorum
640 5239 751 5303 Augusti
770 5239 817 5289 sub
837 5241 954 5306 praeside
974 5243 1177 5304 constitutorum,
1198 5245 1240 5308 qui
1261 5244 1292 5293 ab
1311 5245 1420 5309 imperio
1440 5246 1545 5296 militari
1564 5249 1666 5312 pariter
1684 5247 1769 5296 alieni

428 5339 502 5381 erant
520 5339 596 5397 atque
615 5333 641 5382 in
661 5331 724 5381 urbe
743 5339 845 5396 praetor
864 5333 983 5382 urbanus.
1017 5333 1067 5383 Th.
1086 5333 1136 5397 Μ.]
