3654 5990
395 617 467 688 512
856 635 1069 688 varuucm
1094 637 1253 688 strumum

395 809 462 868 dem
484 817 543 880 est;
569 828 637 867 nam
660 810 687 868 si
709 825 804 885 ponas
826 819 999 869 veteranum
1021 823 1154 886 tempore
1176 810 1327 870 missionis
1353 810 1496 870 babuisse
1516 811 1617 870 filium
1642 812 1732 868 muri-

388 921 468 982 .tum,
489 912 521 970 id
542 911 622 988 quod
643 912 707 970 lieri
728 912 835 988 potuit,
863 913 983 972 omnino
1004 903 1066 972 lilio
1087 931 1207 990 quoque
1228 912 1356 972 conubio
1377 931 1453 990 opus
1473 914 1541 984 fnit,
1567 921 1601 972 ut
1626 915 1732 972 muri·
1819 927 1820 930 ’

394 1015 526 1074 monium
552 1015 662 1073 iustam
689 1016 828 1073 evaderet
852 1022 883 1072 et
902 1015 990 1073 liberi
1012 1035 1108 1074 exeo
1130 1017 1193 1074 nati
1214 1016 1245 1073 in
1268 1025 1414 1092 potestate
1436 1017 1485 1074 ari
1507 1029 1622 1074 esseut.
1671 1013 1730 1074 Sed

396 1126 429 1174 nt
453 1117 504 1192 qui
530 1117 613 1195 loges
638 1127 869 1194 composuerunt
895 1116 933 1175 de
958 1135 993 1176 eo
1019 1134 1090 1176 casu
1117 1134 1177 1176 non
1203 1118 1376 1194 cogitarim,
1405 1117 1486 1194 quod
1515 1137 1573 1194 ego
1600 1135 1731 1194 qnoque

395 1220 491 1296 magis
512 1219 693 1296 negaverim,
721 1239 788 1278 cum
814 1219 963 1295 posterior
988 1227 1068 1277 certe
1094 1219 1244 1278 clausulae
1272 1237 1342 1295 pars
1369 1221 1405 1278 de
1432 1238 1525 1279 uxore
1552 1227 1630 1296 post
1657 1220 1731 1278 mis-

392 1323 507 1380 sionem
528 1321 617 1380 ducta
642 1322 681 1380 ad
705 1321 815 1380 liberos
841 1339 945 1398 purum
974 1331 1053 1379 recte
1078 1321 1270 1380 extendatur:
1296 1321 1455 1398 privilegia
1477 1322 1542 1380 eius
1564 1323 1730 1399 temporie

393 1443 453 1500 qno
475 1423 580 1482 civitas
601 1423 739 1482 Romana
760 1423 862 1482 liberis
885 1441 1002 1499 quoquc
1025 1432 1230 1482 veteranorum
1257 1437 1317 1482 una
1342 1441 1408 1482 oum
1435 1424 1511 1499 ipsis
1537 1423 1730 1483 concedeba-

393 1533 451 1597 tur,
480 1526 571 1601 plaue
602 1525 693 1584 simili
725 1524 915 1601 ambiguitate
946 1526 1058 1602 scripta
1083 1543 1151 1584 csse
1175 1527 1379 1598 inveniuntur;
1412 1527 1456 1584 sic
1484 1528 1564 1585 enim
1590 1525 1639 1584 ibi
1667 1536 1729 1583 est:

393 1631 467 1704 ipsis
491 1628 586 1687 liberis
609 1631 788 1704 posterisque
813 1646 907 1687 eorum
932 1631 1070 1686 ciuitatem
1091 1629 1171 1687 dedit
1190 1639 1218 1688 et
1238 1629 1386 1688 cononum
1407 1647 1468 1687 cum
1488 1627 1631 1687 osoribus
1654 1648 1729 1705 qaas

390 1739 460 1790 tuno
481 1729 644 1789 habuissent
665 1748 727 1790 cum
748 1739 789 1789 cst
809 1732 910 1794 duitas
930 1733 967 1790 iis
988 1731 1058 1789 data
1083 1739 1211 1807 atquae
1232 1738 1405 1807 sequuntur.
1448 1731 1553 1808 ltaque
1574 1730 1657 1789 haec
1678 1745 1731 1788 ant

392 1832 436 1890 ita
457 1841 491 1890 ut
512 1850 604 1910 supra
623 1833 754 1892 indicavi
776 1831 956 1908 explicanda
976 1841 1046 1892 sunt
1068 1841 1120 1892 aut
1141 1841 1220 1892 certe
1242 1833 1406 1894 toleranda

435 1931 495 1994 Sed
527 1935 651 1994 militum
682 1933 912 1994 castellanorum
945 1935 1135 2007 vocabulum,
1170 1935 1201 1994 in
1238 1935 1319 2012 quod
1356 1943 1463 2014 sponte
1491 1935 1598 1996 incidit
1633 1937 1727 1995 etiam

393 2035 623 2110 Hirschfeldius,
645 2055 705 2114 quo
726 2038 873 2114 pertineat
893 2038 951 2096 ism
974 2037 1136 2096 videamus.

434 2139 560 2198 Militiae
585 2140 739 2199 Romanas
766 2140 910 2198 rationem
939 2139 1113 2199 Alexander
1144 2141 1187 2198 its
1213 2141 1352 2212 maurit,
1385 2147 1417 2199 ut
1448 2159 1513 2199 eum
1545 2158 1587 2198 cx
1622 2139 1728 2216 aliqua

393 2249 478 2317 parte
500 2249 529 2299 et
549 2241 684 2301 colonam
706 2242 816 2301 luceret
836 2249 867 2300 et
887 2241 1106 2301 hereditariam.
1150 2241 1233 2314 Sola,
1258 2241 1302 2300 ait
1322 2242 1374 2318 qui
1395 2242 1485 2300 vitam
1508 2241 1576 2300 eius
1598 2241 1728 2319 scripsit

393 2360 419 2402 o.
440 2342 490 2416 58,
516 2361 589 2419 quac
611 2345 645 2402 dc
667 2344 792 2403 lontibus
815 2353 901 2422 capta
926 2353 993 2404 sunt
1012 2345 1161 2404 limitaneis
1183 2345 1302 2404 ducibus
1324 2355 1350 2403 ct
1369 2343 1507 2402 militibus
1528 2345 1655 2402 donam
1675 2349 1726 2412 ita,

391 2453 423 2502 ut
444 2463 540 2504 eorum
561 2455 660 2519 essent,
682 2451 709 2504 si
729 2447 842 2506 heredes
864 2465 959 2506 eorum
976 2449 1138 2517 militarent,
1161 2465 1211 2506 nco
1232 2465 1367 2522 umquam
1387 2447 1428 2504 ad
1443 2449 1576 2523 priuatos
1594 2451 1727 2522 poetise·

387 2557 464 2618 rant,
490 2549 583 2607 dicem
608 2551 740 2608 mantiae
762 2567 808 2608 sos
831 2550 1011 2621 militaturos,
1040 2553 1066 2607 si
1092 2553 1175 2608 etiam
1200 2567 1255 2606 sua
1282 2567 1355 2606 rura
1380 2550 1579 2624 defoederant3
1605 2551 1728 2607 addidit

387 2667 462 2708 ,sans
483 2650 528 2708 luis
550 2661 575 2710 st
595 2651 736 2710 animalia
756 2661 783 2710 et
802 2669 909 2722 saeos,
932 2659 963 2708 ut
984 2659 1103 2727 possent
1124 2651 1214 2710 colere
1235 2652 1312 2727 qnod
1331 2661 1511 2728 acceperant,
1530 2670 1568 2709 ne
1584 2669 1645 2727 per
1666 2655 1727 2708 inc-

387 2755 471 2827 piam
496 2753 636 2812 bominum
661 2755 705 2814 osi
728 2773 782 2829 per
806 2762 969 2813 senectutem
991 2753 1196 2828 possidentium
1218 2754 1410 2812 decernentur
1434 2771 1507 2812 rura
1533 2755 1633 2811 uicina
1658 2754 1727 2810 bor·

392 2853 505 2925 domae,
539 2855 615 2930 quod
640 2859 835 2932 turpissimum
861 2855 911 2914 ills
937 2855 1055 2914 daudet
1083 2854 1136 2929 (ci.
1162 2854 1225 2914 vita
1251 2854 1345 2913 Probi
1371 2875 1396 2914 c.
1419 2856 1482 2930 16).
1536 2853 1624 2913 Haec
1653 2875 1726 2914 rura

391 2955 529 3015 hostibus
556 2965 659 3034 erepta
685 2968 716 3017 et
740 2959 898 3017 barbarico
924 2957 990 3014 solo
1015 2957 1114 3014 vicina
1135 2957 1254 3034 proprie
1275 2975 1344 3016 esse
1365 2957 1486 3016 castella
1506 2957 1665 3036 colligitur
1686 2977 1725 3016 ex

391 3057 458 3134 lege
473 3077 499 3116 s.
515 3056 573 3118 423
591 3057 640 3134 (C.
656 3059 713 3119 Th.
731 3060 759 3131 i,
778 3061 825 3130 15,
841 3059 859 3118 2
877 3085 913 3110 =
928 3057 963 3118 C.
979 3058 1053 3118 lust.
1073 3060 1120 3128 ll,
1137 3057 1187 3130 60,
1203 3056 1249 3134 2):
1265 3062 1432 3135 quicumque
1446 3055 1631 3118 castellorum
1647 3060 1725 3119 locos

391 3177 564 3236 quocumque
588 3161 669 3220 titulo
691 3163 853 3238 possident,
882 3163 984 3220 cedant
1008 3180 1044 3220 ac
1069 3162 1213 3231 deuant,
1240 3165 1311 3237 quic
1336 3161 1373 3218 od
1398 3161 1442 3219 iia
1467 3170 1577 3220 tortian
1598 3163 1659 3236 sas
1686 3175 1726 3220 est

389 3263 533 3337 possideri
558 3263 739 3323 castellorum
768 3267 913 3324 territoria
938 3263 1039 3341 quibus
1065 3263 1215 3340 adscripta
1241 3273 1307 3322 suat
1338 3273 1363 3321 et
1392 3263 1427 3321 de
1453 3263 1554 3339 quidus
1580 3265 1725 3324 iudicavit

390 3366 557 3440 antiquitas.
603 3365 732 3436 Quodsi
752 3367 872 3425 ulterius
893 3365 1088 3441 oetpriuarae
1109 3366 1279 3424 condicionis
1299 3367 1443 3441 quispiam
1463 3368 1494 3423 in
1515 3366 1558 3424 lis
1583 3365 1658 3426 locis
1680 3367 1724 3425 cel

390 3484 448 3524 non
466 3467 638 3527 catuliacus
658 3468 738 3528 miles
752 3470 846 3543 suerit
866 3469 1024 3527 detestator
1043 3471 1181 3540 inventus,
1202 3467 1325 3542 capitoli·
1342 3471 1480 3526 sentents'a
1501 3486 1563 3526 curn
1583 3469 1722 3527 boum

388 3569 582 3644 publicatione
602 3571 758 3647 plectatur.
801 3569 894 3629 Iidem
921 3570 986 3646 agri
1011 3571 1066 3630 sub
1088 3570 1207 3628 nomine
1229 3568 1500 3644 limitotropborum
1523 3570 1722 3630 siva‘limita·

388 3689 514 3730 neorum
541 3672 654 3748 passim
682 3673 714 3731 in
740 3672 1005 3732 constitutionibus
1034 3680 1316 3742 commemorantum
1350 3671 1379 3729 id
1413 3671 1493 3747 quod
1522 3671 1570 3731 uel
1599 3673 1721 3731 rubrica

391 3773 542 3848 significat
559 3771 682 3834 Codicis
697 3774 856 3834 iustiniani
880 3775 944 3851 (ll,
961 3773 1014 3849 60)
1037 3776 1071 3832 do
1085 3775 1190 3851 fundis
1213 3773 1413 3849 limitotropliis
1435 3784 1461 3832 et
1481 3777 1564 3832 terris
1587 3783 1614 3832 et
1631 3775 1720 3851 palu⁴

390 3875 473 3934 dibus
495 3886 521 3935 et
539 3881 657 3952 pascuis
679 3877 830 3936 limitaneis
851 3877 896 3936 uel
916 3877 1102 3936 castellorum.
1139 3875 1238 3934 Huius
1258 3876 1396 3948 instituti,
1417 3874 1499 3951 qnod
1521 3875 1560 3933 sd
1582 3875 1720 3934 Alexan·

389 3975 478 4035 drum
499 3997 596 4036 rerum
619 3978 780 4054 scriptores
802 3978 943 4051 reserant,
966 3989 1114 4055 tamquam
1137 3977 1325 4038 corollarium
1347 3985 1392 4037 cst
1413 3976 1494 4053 quod
1512 3995 1582 4036 aere
1596 3977 1718 4037 Panno

390 4077 459 4136 nico
482 4078 674 4157 significatur,
703 4081 818 4140 scilicet
842 4080 988 4139 militibus
1013 4080 1187 4158 peregrinae
1208 4079 1389 4138 condicionis
1410 4097 1477 4138 cum
1498 4075 1626 4139 honesta
1648 4083 1718 4138 mis·

391 4179 476 4238 sione
498 4181 645 4240 civitatem
668 4182 832 4241 Romanam
856 4183 898 4240 ita
919 4201 1095 4242 concessam
1117 4201 1192 4254 esse,
1220 4189 1252 4240 nt
1276 4181 1411 4259 gregales
1432 4181 1492 4258 ipsi
1513 4191 1630 4242 tantm
1653 4202 1718 4240 mm

387 4282 567 4366 acciperent,
590 4283 765 4344 decuriones
787 4297 884 4344 autem
907 4293 937 4342 et
957 4284 1147 4344 centuriones
1170 4303 1229 4342 una
1250 4303 1316 4343 cum
1331 4283 1444 4358 liberis,
1467 4283 1557 4342 modo
1571 4282 1717 4344 ulirelui

390 4395 493 4447 esseut
520 4385 597 4444 inter
623 4387 732 4446 milites
758 4387 939 4448 castellanos
960 4369 1098 4462 filiosque
1120 4385 1251 4446 eiusdem
1272 4385 1457 4445 condicionis
1477 4386 1634 4458 baberent,
1656 4399 1717 4454 sut,

392 4485 419 4544 si
440 4488 546 4560 mavis,
567 4489 656 4548 modo
678 4490 738 4566 ipsi
759 4490 846 4549 relati
864 4483 965 4548 essent
978 4489 1055 4547 inter
1069 4489 1249 4548 castellanos
1271 4487 1408 4563 filiosque
1429 4488 1541 4548 milites
1563 4488 1715 4546 baberent.

390 4585 463 4647 Filii
484 4601 582 4649 autem
603 4592 793 4668 requinmtur
814 4611 853 4652 ex
874 4591 950 4669 ipsis
972 4591 1130 4667 procreati,
1152 4609 1212 4650 non
1233 4590 1394 4668 adoptione
1406 4591 1549 4667 quaesiti,
1570 4607 1610 4650 ne
1623 4591 1713 4648 orbus

387 4688 421 4746 iu
441 4690 574 4752 fraudem
596 4693 673 4772 legis
695 4694 883 4772 privilegium
905 4701 1038 4772 usurpet.
