<?xml version="1.0" encoding="UTF-8"?>
<!DOCTYPE html PUBLIC "-//W3C//DTD XHTML 1.0 Transitional//EN"
    "http://www.w3.org/TR/xhtml1/DTD/xhtml1-transitional.dtd">
<html xmlns="http://www.w3.org/1999/xhtml" xml:lang="en" lang="en">
 <head>
  <title>
</title>
<meta http-equiv="Content-Type" content="text/html;charset=utf-8" />
  <meta name='ocr-system' content='tesseract 3.04.00' />
  <meta name='ocr-capabilities' content='ocr_page ocr_carea ocr_par ocr_line ocrx_word'/>
</head>
<body>
  <div class='ocr_page' id='page_1' title='image "./ephemerisepigra04henzgoog/ephemerisepigra04henzgoog_0203.png"; bbox 0 0 3618 5968; ppageno 0'>
   <div class='ocr_carea' id='block_1_1' title="bbox 405 587 1291 658">
    <p class='ocr_par' dir='ltr' id='par_1_1' title="bbox 405 587 1291 658">
     <span class='ocr_line' id='line_1_1' title="bbox 405 587 1291 658; baseline -0.002 0"><span class='ocrx_word' id='word_1_1' title='bbox 405 587 477 658; x_wconf 87' lang='grc'><strong>186</strong></span> <span class='ocrx_word' id='word_1_2' title='bbox 845 605 1120 656; x_wconf 77' lang='lat' dir='ltr'><strong>ADDITAMENTA</strong></span> <span class='ocrx_word' id='word_1_3' title='bbox 1146 605 1228 656; x_wconf 80' lang='lat' dir='ltr'><strong>von.</strong></span> <span class='ocrx_word' id='word_1_4' title='bbox 1247 606 1291 656; x_wconf 89' lang='lat'><strong>111</strong></span> 
     </span>
    </p>
   </div>
   <div class='ocr_carea' id='block_1_2' title="bbox 399 780 1729 4952">
    <p class='ocr_par' dir='ltr' id='par_1_2' title="bbox 403 780 1719 943">
     <span class='ocr_line' id='line_1_2' title="bbox 403 780 1719 859; baseline -0.003 -19"><span class='ocrx_word' id='word_1_5' title='bbox 403 797 479 854; x_wconf 79' lang='lat' dir='ltr'><strong>cau,</strong></span> <span class='ocrx_word' id='word_1_6' title='bbox 503 781 608 840; x_wconf 90' lang='lat' dir='ltr'><strong>deinde</strong></span> <span class='ocrx_word' id='word_1_7' title='bbox 630 781 828 859; x_wconf 81' lang='lat' dir='ltr'><strong>interroganti</strong></span> <span class='ocrx_word' id='word_1_8' title='bbox 849 781 923 840; x_wconf 91' lang='lat' dir='ltr'><strong>mihi</strong></span> <span class='ocrx_word' id='word_1_9' title='bbox 945 780 1099 856; x_wconf 84' lang='lat' dir='ltr'><strong>rescripsit</strong></span> <span class='ocrx_word' id='word_1_10' title='bbox 1120 781 1200 839; x_wconf 89' lang='lat' dir='ltr'><strong>cerni</strong></span> <span class='ocrx_word' id='word_1_11' title='bbox 1223 796 1318 852; x_wconf 73' lang='lat' dir='ltr'><strong>onir,</strong></span> <span class='ocrx_word' id='word_1_12' title='bbox 1341 780 1474 839; x_wconf 89' lang='lat' dir='ltr'><strong>ultimam</strong></span> <span class='ocrx_word' id='word_1_13' title='bbox 1495 781 1624 839; x_wconf 78' lang='lat' dir='ltr'><strong>litteram</strong></span> <span class='ocrx_word' id='word_1_14' title='bbox 1637 781 1719 838; x_wconf 81' lang='lat' dir='ltr'><strong>videri</strong></span> 
     </span>
     <span class='ocr_line' id='line_1_3' title="bbox 403 882 1373 943; baseline -0.002 -1"><span class='ocrx_word' id='word_1_15' title='bbox 403 885 495 943; x_wconf 89' lang='lat' dir='ltr'><strong>fuisse</strong></span> <span class='ocrx_word' id='word_1_16' title='bbox 517 901 542 941; x_wconf 88' lang='lat' dir='ltr'><strong>a.</strong></span> <span class='ocrx_word' id='word_1_17' title='bbox 561 916 599 926; x_wconf 96' lang='lat'>-</span> <span class='ocrx_word' id='word_1_18' title='bbox 626 884 662 943; x_wconf 88' lang='lat'><strong>16</strong></span> <span class='ocrx_word' id='word_1_19' title='bbox 686 883 795 942; x_wconf 80' lang='lat' dir='ltr'><strong>nnaFru</strong></span> <span class='ocrx_word' id='word_1_20' title='bbox 816 883 848 942; x_wconf 92' lang='lat' dir='ltr'><strong>in</strong></span> <span class='ocrx_word' id='word_1_21' title='bbox 868 903 936 942; x_wconf 87' lang='lat' dir='ltr'><strong>aere</strong></span> <span class='ocrx_word' id='word_1_22' title='bbox 958 883 1038 943; x_wconf 88' lang='lat' dir='ltr'><strong>cerni</strong></span> <span class='ocrx_word' id='word_1_23' title='bbox 1061 882 1218 942; x_wconf 78' lang='lat' dir='ltr'><strong>adseverat</strong></span> <span class='ocrx_word' id='word_1_24' title='bbox 1239 885 1373 941; x_wconf 81' lang='lat' dir='ltr'><strong>Ancona.</strong></span> 
     </span>
    </p>

    <p class='ocr_par' dir='ltr' id='par_1_3' title="bbox 401 983 1722 1661">
     <span class='ocr_line' id='line_1_4' title="bbox 444 983 1719 1064; baseline -0.002 -18"><span class='ocrx_word' id='word_1_25' title='bbox 444 984 520 1046; x_wconf 90' lang='lat' dir='ltr'><strong>Cum</strong></span> <span class='ocrx_word' id='word_1_26' title='bbox 543 987 574 1044; x_wconf 94' lang='lat' dir='ltr'><strong>in</strong></span> <span class='ocrx_word' id='word_1_27' title='bbox 596 986 762 1064; x_wconf 86' lang='lat' dir='ltr'><strong>privilegiis</strong></span> <span class='ocrx_word' id='word_1_28' title='bbox 784 1005 860 1061; x_wconf 87' lang='lat' dir='ltr'><strong>quac</strong></span> <span class='ocrx_word' id='word_1_29' title='bbox 883 987 980 1045; x_wconf 86' lang='lat' dir='ltr'><strong>adhuc</strong></span> <span class='ocrx_word' id='word_1_30' title='bbox 1001 986 1183 1045; x_wconf 79' lang='lat' dir='ltr'><strong>habebamus</strong></span> <span class='ocrx_word' id='word_1_31' title='bbox 1205 986 1262 1043; x_wconf 89' lang='lat' dir='ltr'><strong>soli</strong></span> <span class='ocrx_word' id='word_1_32' title='bbox 1283 987 1413 1064; x_wconf 82' lang='lat' dir='ltr'><strong>Augusti</strong></span> <span class='ocrx_word' id='word_1_33' title='bbox 1437 986 1634 1054; x_wconf 88' lang='lat' dir='ltr'><strong>nominentur,</strong></span> <span class='ocrx_word' id='word_1_34' title='bbox 1656 983 1719 1043; x_wconf 88' lang='lat' dir='ltr'><strong>Cae·</strong></span> 
     </span>
     <span class='ocr_line' id='line_1_5' title="bbox 404 1085 1720 1164; baseline -0.002 -15"><span class='ocrx_word' id='word_1_35' title='bbox 404 1108 486 1149; x_wconf 85' lang='lat' dir='ltr'><strong>sares</strong></span> <span class='ocrx_word' id='word_1_36' title='bbox 514 1097 613 1147; x_wconf 89' lang='lat' dir='ltr'><strong>autern</strong></span> <span class='ocrx_word' id='word_1_37' title='bbox 640 1101 708 1147; x_wconf 87' lang='lat' dir='ltr'><strong>ante</strong></span> <span class='ocrx_word' id='word_1_38' title='bbox 730 1088 954 1148; x_wconf 87' lang='lat' dir='ltr'><strong>Diocletianum</strong></span> <span class='ocrx_word' id='word_1_39' title='bbox 980 1089 1010 1147; x_wconf 92' lang='lat' dir='ltr'><strong>in</strong></span> <span class='ocrx_word' id='word_1_40' title='bbox 1032 1089 1071 1147; x_wconf 91' lang='lat' dir='ltr'><strong>iis</strong></span> <span class='ocrx_word' id='word_1_41' title='bbox 1092 1107 1153 1147; x_wconf 92' lang='lat' dir='ltr'><strong>non</strong></span> <span class='ocrx_word' id='word_1_42' title='bbox 1174 1098 1374 1163; x_wconf 86' lang='lat' dir='ltr'><strong>compareant,</strong></span> <span class='ocrx_word' id='word_1_43' title='bbox 1395 1087 1464 1146; x_wconf 91' lang='lat' dir='ltr'><strong>inde</strong></span> <span class='ocrx_word' id='word_1_44' title='bbox 1486 1087 1591 1164; x_wconf 82' lang='lat' dir='ltr'><strong>collegi</strong></span> <span class='ocrx_word' id='word_1_45' title='bbox 1619 1085 1667 1162; x_wconf 86' lang='lat' dir='ltr'><strong>(C.</strong></span> <span class='ocrx_word' id='word_1_46' title='bbox 1681 1087 1720 1146; x_wconf 89' lang='lat' dir='ltr'><strong>lll</strong></span> 
     </span>
     <span class='ocr_line' id='line_1_6' title="bbox 402 1187 1720 1268; baseline -0.004 -17"><span class='ocrx_word' id='word_1_47' title='bbox 402 1213 430 1268; x_wconf 90' lang='lat' dir='ltr'><strong>p.</strong></span> <span class='ocrx_word' id='word_1_48' title='bbox 452 1191 525 1261; x_wconf 76' lang='lat'><strong>905,</strong></span> <span class='ocrx_word' id='word_1_49' title='bbox 553 1191 733 1251; x_wconf 84' lang='lat' dir='ltr'><strong>Stoatsreclt</strong></span> <span class='ocrx_word' id='word_1_50' title='bbox 754 1189 790 1250; x_wconf 72' lang='lat'><strong>2²</strong></span> <span class='ocrx_word' id='word_1_51' title='bbox 820 1211 848 1266; x_wconf 90' lang='lat' dir='ltr'><strong>p.</strong></span> <span class='ocrx_word' id='word_1_52' title='bbox 868 1191 961 1265; x_wconf 89' lang='grc'>1106)</span> <span class='ocrx_word' id='word_1_53' title='bbox 988 1191 1077 1250; x_wconf 87' lang='lat' dir='ltr'><strong>tertio</strong></span> <span class='ocrx_word' id='word_1_54' title='bbox 1107 1190 1228 1250; x_wconf 87' lang='lat' dir='ltr'><strong>saeculo</strong></span> <span class='ocrx_word' id='word_1_55' title='bbox 1257 1187 1401 1250; x_wconf 89' lang='lat' dir='ltr'><strong>Caesares</strong></span> <span class='ocrx_word' id='word_1_56' title='bbox 1430 1191 1468 1249; x_wconf 90' lang='lat' dir='ltr'><strong>ad</strong></span> <span class='ocrx_word' id='word_1_57' title='bbox 1496 1191 1595 1268; x_wconf 90' lang='lat' dir='ltr'><strong>legum</strong></span> <span class='ocrx_word' id='word_1_58' title='bbox 1622 1189 1720 1246; x_wconf 92' lang='lat' dir='ltr'><strong>danda·</strong></span> 
     </span>
     <span class='ocr_line' id='line_1_7' title="bbox 401 1292 1720 1369; baseline -0.002 -18"><span class='ocrx_word' id='word_1_59' title='bbox 401 1314 467 1352; x_wconf 93' lang='lat' dir='ltr'><strong>rum</strong></span> <span class='ocrx_word' id='word_1_60' title='bbox 494 1295 728 1352; x_wconf 89' lang='lat' dir='ltr'><strong>communionem</strong></span> <span class='ocrx_word' id='word_1_61' title='bbox 756 1293 905 1354; x_wconf 87' lang='lat' dir='ltr'><strong>admissos</strong></span> <span class='ocrx_word' id='word_1_62' title='bbox 934 1313 994 1351; x_wconf 93' lang='lat' dir='ltr'><strong>non</strong></span> <span class='ocrx_word' id='word_1_63' title='bbox 1022 1311 1089 1352; x_wconf 89' lang='lat' dir='ltr'><strong>esse</strong></span> <span class='ocrx_word' id='word_1_64' title='bbox 1117 1303 1185 1350; x_wconf 88' lang='lat' dir='ltr'><strong>ante</strong></span> <span class='ocrx_word' id='word_1_65' title='bbox 1213 1301 1364 1369; x_wconf 86' lang='lat' dir='ltr'><strong>acceptam</strong></span> <span class='ocrx_word' id='word_1_66' title='bbox 1390 1292 1576 1350; x_wconf 88' lang='lat' dir='ltr'><strong>tribuniciam</strong></span> <span class='ocrx_word' id='word_1_67' title='bbox 1604 1300 1720 1366; x_wconf 84' lang='lat' dir='ltr'><strong>potesta-</strong></span> 
     </span>
     <span class='ocr_line' id='line_1_8' title="bbox 402 1393 1722 1472; baseline -0.003 -18"><span class='ocrx_word' id='word_1_68' title='bbox 402 1405 469 1455; x_wconf 91' lang='lat' dir='ltr'><strong>tem.</strong></span> <span class='ocrx_word' id='word_1_69' title='bbox 514 1394 619 1472; x_wconf 90' lang='lat' dir='ltr'><strong>Neque</strong></span> <span class='ocrx_word' id='word_1_70' title='bbox 650 1397 726 1454; x_wconf 89' lang='lat' dir='ltr'><strong>hanc</strong></span> <span class='ocrx_word' id='word_1_71' title='bbox 755 1395 847 1472; x_wconf 83' lang='lat' dir='ltr'><strong>legem</strong></span> <span class='ocrx_word' id='word_1_72' title='bbox 877 1396 1082 1472; x_wconf 87' lang='lat' dir='ltr'><strong>exceptionem</strong></span> <span class='ocrx_word' id='word_1_73' title='bbox 1110 1396 1208 1454; x_wconf 86' lang='lat' dir='ltr'><strong>facere</strong></span> <span class='ocrx_word' id='word_1_74' title='bbox 1233 1394 1383 1471; x_wconf 84' lang='lat' dir='ltr'><strong>colligitur</strong></span> <span class='ocrx_word' id='word_1_75' title='bbox 1409 1413 1447 1452; x_wconf 84' lang='lat' dir='ltr'><strong>ex</strong></span> <span class='ocrx_word' id='word_1_76' title='bbox 1474 1393 1512 1451; x_wconf 91' lang='lat' dir='ltr'><strong>iis</strong></span> <span class='ocrx_word' id='word_1_77' title='bbox 1539 1413 1613 1470; x_wconf 88' lang='lat' dir='ltr'><strong>quae</strong></span> <span class='ocrx_word' id='word_1_78' title='bbox 1639 1413 1722 1471; x_wconf 88' lang='lat' dir='ltr'><strong>supra</strong></span> 
     </span>
     <span class='ocr_line' id='line_1_9' title="bbox 401 1495 1721 1576; baseline -0.003 -18"><span class='ocrx_word' id='word_1_79' title='bbox 401 1520 430 1576; x_wconf 88' lang='lat' dir='ltr'><strong>p.</strong></span> <span class='ocrx_word' id='word_1_80' title='bbox 450 1500 506 1559; x_wconf 91' lang='lat'><strong>181</strong></span> <span class='ocrx_word' id='word_1_81' title='bbox 530 1519 558 1557; x_wconf 93' lang='lat' dir='ltr'><strong>n.</strong></span> <span class='ocrx_word' id='word_1_82' title='bbox 576 1498 634 1557; x_wconf 87' lang='grc'><strong>647</strong></span> <span class='ocrx_word' id='word_1_83' title='bbox 663 1499 803 1576; x_wconf 87' lang='lat' dir='ltr'><strong>exposui;</strong></span> <span class='ocrx_word' id='word_1_84' title='bbox 830 1497 990 1574; x_wconf 89' lang='lat' dir='ltr'><strong>Philippus</strong></span> <span class='ocrx_word' id='word_1_85' title='bbox 1022 1499 1099 1556; x_wconf 92' lang='lat' dir='ltr'><strong>enim</strong></span> <span class='ocrx_word' id='word_1_86' title='bbox 1121 1496 1234 1557; x_wconf 85' lang='lat' dir='ltr'><strong>Caesar</strong></span> <span class='ocrx_word' id='word_1_87' title='bbox 1256 1497 1409 1556; x_wconf 85' lang='lat' dir='ltr'><strong>etiamtum</strong></span> <span class='ocrx_word' id='word_1_88' title='bbox 1437 1495 1474 1554; x_wconf 88' lang='lat' dir='ltr'><strong>ad</strong></span> <span class='ocrx_word' id='word_1_89' title='bbox 1496 1497 1650 1574; x_wconf 85' lang='lat' dir='ltr'><strong>potestatis</strong></span> <span class='ocrx_word' id='word_1_90' title='bbox 1675 1497 1721 1554; x_wconf 91' lang='lat' dir='ltr'><strong>tri·</strong></span> 
     </span>
     <span class='ocr_line' id='line_1_10' title="bbox 401 1601 1043 1661; baseline -0.003 -1"><span class='ocrx_word' id='word_1_91' title='bbox 401 1602 538 1661; x_wconf 87' lang='lat' dir='ltr'><strong>buniciae</strong></span> <span class='ocrx_word' id='word_1_92' title='bbox 560 1601 795 1660; x_wconf 86' lang='lat' dir='ltr'><strong>communionem</strong></span> <span class='ocrx_word' id='word_1_93' title='bbox 817 1601 966 1660; x_wconf 86' lang='lat' dir='ltr'><strong>admissus</strong></span> <span class='ocrx_word' id='word_1_94' title='bbox 989 1611 1043 1658; x_wconf 92' lang='lat' dir='ltr'><strong>est.</strong></span> 
     </span>
    </p>

    <p class='ocr_par' dir='ltr' id='par_1_4' title="bbox 399 1702 1729 4952">
     <span class='ocr_line' id='line_1_11' title="bbox 443 1702 1720 1780; baseline -0.002 -16"><span class='ocrx_word' id='word_1_95' title='bbox 443 1702 611 1764; x_wconf 85' lang='lat' dir='ltr'><strong>Consulum</strong></span> <span class='ocrx_word' id='word_1_96' title='bbox 635 1704 704 1762; x_wconf 90' lang='lat' dir='ltr'><strong>anni</strong></span> <span class='ocrx_word' id='word_1_97' title='bbox 731 1702 791 1762; x_wconf 98' lang='grc'><strong>246</strong></span> <span class='ocrx_word' id='word_1_98' title='bbox 813 1703 902 1780; x_wconf 92' lang='lat' dir='ltr'><strong>plena</strong></span> <span class='ocrx_word' id='word_1_99' title='bbox 923 1705 1045 1761; x_wconf 88' lang='lat' dir='ltr'><strong>nomina</strong></span> <span class='ocrx_word' id='word_1_100' title='bbox 1070 1722 1148 1762; x_wconf 91' lang='lat' dir='ltr'><strong>nunc</strong></span> <span class='ocrx_word' id='word_1_101' title='bbox 1171 1703 1287 1761; x_wconf 88' lang='lat' dir='ltr'><strong>demum</strong></span> <span class='ocrx_word' id='word_1_102' title='bbox 1308 1703 1513 1774; x_wconf 88' lang='lat' dir='ltr'><strong>innotescunt;</strong></span> <span class='ocrx_word' id='word_1_103' title='bbox 1535 1703 1629 1761; x_wconf 87' lang='lat' dir='ltr'><strong>adhuc</strong></span> <span class='ocrx_word' id='word_1_104' title='bbox 1650 1705 1720 1761; x_wconf 90' lang='lat' dir='ltr'><strong>enim</strong></span> 
     </span>
     <span class='ocr_line' id='line_1_12' title="bbox 402 1804 1721 1886; baseline -0.002 -20"><span class='ocrx_word' id='word_1_105' title='bbox 402 1807 581 1885; x_wconf 89' lang='lat' dir='ltr'><strong>cognomina</strong></span> <span class='ocrx_word' id='word_1_106' title='bbox 602 1806 670 1863; x_wconf 88' lang='lat' dir='ltr'><strong>sola</strong></span> <span class='ocrx_word' id='word_1_107' title='bbox 691 1823 832 1864; x_wconf 86' lang='lat' dir='ltr'><strong>noramus</strong></span> <span class='ocrx_word' id='word_1_108' title='bbox 856 1805 1028 1866; x_wconf 87' lang='lat' dir='ltr'><strong>Praesentis</strong></span> <span class='ocrx_word' id='word_1_109' title='bbox 1050 1815 1079 1864; x_wconf 88' lang='lat' dir='ltr'><strong>et</strong></span> <span class='ocrx_word' id='word_1_110' title='bbox 1102 1807 1215 1865; x_wconf 90' lang='lat' dir='ltr'><strong>Albini.</strong></span> <span class='ocrx_word' id='word_1_111' title='bbox 1251 1804 1386 1864; x_wconf 89' lang='lat' dir='ltr'><strong>Priorem</strong></span> <span class='ocrx_word' id='word_1_112' title='bbox 1408 1815 1568 1881; x_wconf 90' lang='lat' dir='ltr'><strong>postquam</strong></span> <span class='ocrx_word' id='word_1_113' title='bbox 1587 1805 1721 1886; x_wconf 78' lang='lat' dir='ltr'><strong>Marinius</strong></span> 
     </span>
     <span class='ocr_line' id='line_1_13' title="bbox 402 1907 1721 1987; baseline -0.002 -18"><span class='ocrx_word' id='word_1_114' title='bbox 402 1911 491 1986; x_wconf 86' lang='lat' dir='ltr'><strong>(Arv.</strong></span> <span class='ocrx_word' id='word_1_115' title='bbox 515 1930 542 1987; x_wconf 92' lang='lat' dir='ltr'><strong>p.</strong></span> <span class='ocrx_word' id='word_1_116' title='bbox 561 1907 635 1983; x_wconf 81' lang='grc'><strong>697)</strong></span> <span class='ocrx_word' id='word_1_117' title='bbox 657 1908 771 1966; x_wconf 90' lang='lat' dir='ltr'><strong>monuit</strong></span> <span class='ocrx_word' id='word_1_118' title='bbox 793 1927 875 1966; x_wconf 90' lang='lat' dir='ltr'><strong>mera</strong></span> <span class='ocrx_word' id='word_1_119' title='bbox 896 1910 1067 1966; x_wconf 88' lang='lat' dir='ltr'><strong>coniectura</strong></span> <span class='ocrx_word' id='word_1_120' title='bbox 1082 1907 1232 1967; x_wconf 88' lang='lat' dir='ltr'><strong>Bruttium</strong></span> <span class='ocrx_word' id='word_1_121' title='bbox 1255 1907 1409 1986; x_wconf 89' lang='lat' dir='ltr'><strong>appellari,</strong></span> <span class='ocrx_word' id='word_1_122' title='bbox 1431 1907 1462 1965; x_wconf 91' lang='lat' dir='ltr'><strong>id</strong></span> <span class='ocrx_word' id='word_1_123' title='bbox 1484 1927 1592 1967; x_wconf 88' lang='lat' dir='ltr'><strong>nomen</strong></span> <span class='ocrx_word' id='word_1_124' title='bbox 1613 1908 1638 1966; x_wconf 88' lang='lat' dir='ltr'><strong>ei</strong></span> <span class='ocrx_word' id='word_1_125' title='bbox 1662 1910 1721 1967; x_wconf 89' lang='lat' dir='ltr'><strong>sub-</strong></span> 
     </span>
     <span class='ocr_line' id='line_1_14' title="bbox 400 2009 1720 2087; baseline -0.005 -15"><span class='ocrx_word' id='word_1_126' title='bbox 400 2021 526 2072; x_wconf 86' lang='lat' dir='ltr'><strong>tractum</strong></span> <span class='ocrx_word' id='word_1_127' title='bbox 555 2021 613 2081; x_wconf 91' lang='lat' dir='ltr'><strong>est;</strong></span> <span class='ocrx_word' id='word_1_128' title='bbox 641 2012 700 2068; x_wconf 91' lang='lat' dir='ltr'><strong>iam</strong></span> <span class='ocrx_word' id='word_1_129' title='bbox 727 2013 798 2068; x_wconf 82' lang='lat' dir='ltr'><strong>¹uero</strong></span> <span class='ocrx_word' id='word_1_130' title='bbox 825 2010 1007 2087; x_wconf 87' lang='lat' dir='ltr'><strong>intellegitur</strong></span> <span class='ocrx_word' id='word_1_131' title='bbox 1033 2029 1102 2069; x_wconf 87' lang='lat' dir='ltr'><strong>vere</strong></span> <span class='ocrx_word' id='word_1_132' title='bbox 1130 2011 1276 2087; x_wconf 90' lang='lat' dir='ltr'><strong>appellari</strong></span> <span class='ocrx_word' id='word_1_133' title='bbox 1299 2009 1333 2070; x_wconf 89' lang='lat' dir='ltr'><strong>C.</strong></span> <span class='ocrx_word' id='word_1_134' title='bbox 1356 2009 1506 2068; x_wconf 90' lang='lat' dir='ltr'><strong>Bruttium</strong></span> <span class='ocrx_word' id='word_1_135' title='bbox 1528 2010 1720 2069; x_wconf 88' lang='lat' dir='ltr'><strong>Praesentem.</strong></span> 
     </span>
     <span class='ocr_line' id='line_1_15' title="bbox 401 2112 1721 2192; baseline -0.002 -20"><span class='ocrx_word' id='word_1_136' title='bbox 401 2115 499 2173; x_wconf 85' lang='lat' dir='ltr'><strong>Filius</strong></span> <span class='ocrx_word' id='word_1_137' title='bbox 521 2115 548 2171; x_wconf 87' lang='lat' dir='ltr'><strong>is</strong></span> <span class='ocrx_word' id='word_1_138' title='bbox 569 2113 626 2170; x_wconf 88' lang='lat' dir='ltr'><strong>fuit</strong></span> <span class='ocrx_word' id='word_1_139' title='bbox 647 2113 753 2188; x_wconf 87' lang='lat' dir='ltr'><strong>opinor</strong></span> <span class='ocrx_word' id='word_1_140' title='bbox 768 2113 901 2171; x_wconf 87' lang='lat' dir='ltr'><strong>consulis</strong></span> <span class='ocrx_word' id='word_1_141' title='bbox 917 2112 1102 2192; x_wconf 89' lang='lat' dir='ltr'><strong>cognominis</strong></span> <span class='ocrx_word' id='word_1_142' title='bbox 1124 2133 1151 2171; x_wconf 89' lang='lat' dir='ltr'><strong>a.</strong></span> <span class='ocrx_word' id='word_1_143' title='bbox 1169 2112 1239 2184; x_wconf 85' lang='grc'><strong>217,</strong></span> <span class='ocrx_word' id='word_1_144' title='bbox 1261 2112 1501 2188; x_wconf 89' lang='lat' dir='ltr'><strong>descenduntque</strong></span> <span class='ocrx_word' id='word_1_145' title='bbox 1516 2113 1553 2170; x_wconf 87' lang='lat' dir='ltr'><strong>ab</strong></span> <span class='ocrx_word' id='word_1_146' title='bbox 1570 2132 1605 2170; x_wconf 92' lang='lat' dir='ltr'><strong>eo</strong></span> <span class='ocrx_word' id='word_1_147' title='bbox 1621 2113 1721 2171; x_wconf 89' lang='lat' dir='ltr'><strong>Bruttii</strong></span> 
     </span>
     <span class='ocr_line' id='line_1_16' title="bbox 404 2213 1722 2290; baseline -0.004 -14"><span class='ocrx_word' id='word_1_148' title='bbox 404 2218 582 2276; x_wconf 89' lang='lat' dir='ltr'><strong>Praesentes</strong></span> <span class='ocrx_word' id='word_1_149' title='bbox 610 2215 723 2273; x_wconf 90' lang='lat' dir='ltr'><strong>saeculi</strong></span> <span class='ocrx_word' id='word_1_150' title='bbox 749 2217 847 2290; x_wconf 87' lang='lat' dir='ltr'><strong>quarti</strong></span> <span class='ocrx_word' id='word_1_151' title='bbox 875 2217 938 2273; x_wconf 91' lang='lat' dir='ltr'><strong>noti</strong></span> <span class='ocrx_word' id='word_1_152' title='bbox 962 2237 1000 2273; x_wconf 88' lang='lat' dir='ltr'><strong>ex</strong></span> <span class='ocrx_word' id='word_1_153' title='bbox 1027 2215 1122 2274; x_wconf 88' lang='lat' dir='ltr'><strong>titulis</strong></span> <span class='ocrx_word' id='word_1_154' title='bbox 1144 2216 1260 2274; x_wconf 88' lang='lat' dir='ltr'><strong>duobus</strong></span> <span class='ocrx_word' id='word_1_155' title='bbox 1282 2216 1395 2274; x_wconf 88' lang='lat' dir='ltr'><strong>urbano</strong></span> <span class='ocrx_word' id='word_1_156' title='bbox 1418 2214 1475 2271; x_wconf 91' lang='lat' dir='ltr'><strong>vol.</strong></span> <span class='ocrx_word' id='word_1_157' title='bbox 1489 2215 1532 2273; x_wconf 90' lang='lat' dir='ltr'><strong>Vl</strong></span> <span class='ocrx_word' id='word_1_158' title='bbox 1553 2235 1583 2273; x_wconf 92' lang='lat' dir='ltr'><strong>n.</strong></span> <span class='ocrx_word' id='word_1_159' title='bbox 1600 2213 1678 2275; x_wconf 78' lang='lat'>2153</span> <span class='ocrx_word' id='word_1_160' title='bbox 1698 2223 1722 2272; x_wconf 92' lang='lat' dir='ltr'><strong>et</strong></span> 
     </span>
     <span class='ocr_line' id='line_1_17' title="bbox 404 2315 1721 2394; baseline -0.003 -15"><span class='ocrx_word' id='word_1_161' title='bbox 404 2319 527 2379; x_wconf 88' lang='lat' dir='ltr'><strong>Lucano</strong></span> <span class='ocrx_word' id='word_1_162' title='bbox 549 2319 573 2376; x_wconf 93' lang='lat' dir='ltr'><strong>l.</strong></span> <span class='ocrx_word' id='word_1_163' title='bbox 589 2319 626 2376; x_wconf 86' lang='lat' dir='ltr'><strong>R.</strong></span> <span class='ocrx_word' id='word_1_164' title='bbox 642 2316 680 2375; x_wconf 92' lang='lat' dir='ltr'><strong>N.</strong></span> <span class='ocrx_word' id='word_1_165' title='bbox 698 2316 755 2374; x_wconf 80' lang='lat'><strong>28·</strong></span> <span class='ocrx_word' id='word_1_166' title='bbox 773 2343 809 2368; x_wconf 90' lang='lat'>=</span> <span class='ocrx_word' id='word_1_167' title='bbox 832 2317 930 2375; x_wconf 84' lang='lat' dir='ltr'><strong>volll</strong></span> <span class='ocrx_word' id='word_1_168' title='bbox 947 2339 975 2376; x_wconf 93' lang='lat' dir='ltr'><strong>n.</strong></span> <span class='ocrx_word' id='word_1_169' title='bbox 989 2318 1058 2377; x_wconf 88' lang='grc'><strong>468.</strong></span> <span class='ocrx_word' id='word_1_170' title='bbox 1074 2351 1114 2360; x_wconf 94' lang='grc'><strong>-</strong></span> <span class='ocrx_word' id='word_1_171' title='bbox 1138 2315 1292 2394; x_wconf 87' lang='lat' dir='ltr'><strong>Collegam</strong></span> <span class='ocrx_word' id='word_1_172' title='bbox 1315 2318 1371 2375; x_wconf 91' lang='lat' dir='ltr'><strong>viri</strong></span> <span class='ocrx_word' id='word_1_173' title='bbox 1393 2317 1471 2376; x_wconf 90' lang='lat' dir='ltr'><strong>docti</strong></span> <span class='ocrx_word' id='word_1_174' title='bbox 1493 2317 1629 2393; x_wconf 89' lang='lat' dir='ltr'><strong>plerique</strong></span> <span class='ocrx_word' id='word_1_175' title='bbox 1652 2319 1721 2394; x_wconf 88' lang='lat' dir='ltr'><strong>(vide</strong></span> 
     </span>
     <span class='ocr_line' id='line_1_18' title="bbox 402 2418 1721 2496; baseline -0.003 -16"><span class='ocrx_word' id='word_1_176' title='bbox 402 2423 569 2480; x_wconf 86' lang='lat' dir='ltr'><strong>Tillemont</strong></span> <span class='ocrx_word' id='word_1_177' title='bbox 589 2422 619 2478; x_wconf 92' lang='lat' dir='ltr'><strong>in</strong></span> <span class='ocrx_word' id='word_1_178' title='bbox 636 2420 704 2478; x_wconf 89' lang='lat' dir='ltr'><strong>adn.</strong></span> <span class='ocrx_word' id='word_1_179' title='bbox 722 2420 761 2478; x_wconf 91' lang='grc'><strong>68</strong></span> <span class='ocrx_word' id='word_1_180' title='bbox 781 2419 820 2477; x_wconf 90' lang='lat' dir='ltr'><strong>ad</strong></span> <span class='ocrx_word' id='word_1_181' title='bbox 836 2418 1067 2479; x_wconf 85' lang='lat' dir='ltr'><strong>Constantinum</strong></span> <span class='ocrx_word' id='word_1_182' title='bbox 1083 2419 1123 2495; x_wconf 87' lang='lat' dir='ltr'><strong>l),</strong></span> <span class='ocrx_word' id='word_1_183' title='bbox 1146 2421 1176 2477; x_wconf 90' lang='lat' dir='ltr'><strong>in</strong></span> <span class='ocrx_word' id='word_1_184' title='bbox 1191 2420 1237 2478; x_wconf 88' lang='lat' dir='ltr'><strong>his</strong></span> <span class='ocrx_word' id='word_1_185' title='bbox 1252 2419 1435 2496; x_wconf 88' lang='lat' dir='ltr'><strong>Borghesius</strong></span> <span class='ocrx_word' id='word_1_186' title='bbox 1458 2419 1542 2496; x_wconf 92' lang='lat' dir='ltr'><strong>(opp.</strong></span> <span class='ocrx_word' id='word_1_187' title='bbox 1559 2422 1577 2479; x_wconf 82' lang='lat'>5</span> <span class='ocrx_word' id='word_1_188' title='bbox 1599 2441 1629 2496; x_wconf 89' lang='lat' dir='ltr'><strong>p.</strong></span> <span class='ocrx_word' id='word_1_189' title='bbox 1647 2419 1721 2494; x_wconf 88' lang='grc'>493),</span> 
     </span>
     <span class='ocr_line' id='line_1_19' title="bbox 401 2520 1721 2592; baseline -0.003 -10"><span class='ocrx_word' id='word_1_190' title='bbox 401 2524 607 2582; x_wconf 87' lang='lat' dir='ltr'><strong>iudicaverunt</strong></span> <span class='ocrx_word' id='word_1_191' title='bbox 629 2540 694 2580; x_wconf 86' lang='lat' dir='ltr'><strong>esse</strong></span> <span class='ocrx_word' id='word_1_192' title='bbox 717 2522 757 2580; x_wconf 87' lang='grc' dir='ltr'><strong>Μ.</strong></span> <span class='ocrx_word' id='word_1_193' title='bbox 776 2520 949 2580; x_wconf 87' lang='lat' dir='ltr'><strong>Nummium</strong></span> <span class='ocrx_word' id='word_1_194' title='bbox 971 2523 1112 2581; x_wconf 87' lang='lat' dir='ltr'><strong>Albinum</strong></span> <span class='ocrx_word' id='word_1_195' title='bbox 1134 2523 1214 2580; x_wconf 86' lang='lat' dir='ltr'><strong>tituli</strong></span> <span class='ocrx_word' id='word_1_196' title='bbox 1238 2523 1342 2580; x_wconf 90' lang='lat' dir='ltr'><strong>urbani</strong></span> <span class='ocrx_word' id='word_1_197' title='bbox 1365 2521 1481 2581; x_wconf 83' lang='lat' dir='ltr'><strong>rol.Vl</strong></span> <span class='ocrx_word' id='word_1_198' title='bbox 1503 2541 1531 2578; x_wconf 93' lang='lat' dir='ltr'><strong>n.</strong></span> <span class='ocrx_word' id='word_1_199' title='bbox 1550 2523 1641 2592; x_wconf 79' lang='lat'><strong>1748,</strong></span> <span class='ocrx_word' id='word_1_200' title='bbox 1662 2541 1721 2580; x_wconf 88' lang='lat' dir='ltr'><strong>nam</strong></span> 
     </span>
     <span class='ocr_line' id='line_1_20' title="bbox 402 2624 1722 2694; baseline -0.003 -10"><span class='ocrx_word' id='word_1_201' title='bbox 402 2645 468 2684; x_wconf 90' lang='lat' dir='ltr'><strong>curn</strong></span> <span class='ocrx_word' id='word_1_202' title='bbox 497 2625 545 2683; x_wconf 89' lang='lat' dir='ltr'><strong>hic</strong></span> <span class='ocrx_word' id='word_1_203' title='bbox 572 2624 686 2682; x_wconf 87' lang='lat' dir='ltr'><strong>dicatur</strong></span> <span class='ocrx_word' id='word_1_204' title='bbox 712 2625 812 2682; x_wconf 85' lang='lat' dir='ltr'><strong>consul</strong></span> <span class='ocrx_word' id='word_1_205' title='bbox 833 2624 998 2682; x_wconf 80' lang='lat' dir='ltr'><strong>ordinarius</strong></span> <span class='ocrx_word' id='word_1_206' title='bbox 1021 2628 1132 2694; x_wconf 82' lang='lat' dir='ltr'><strong>iterum,</strong></span> <span class='ocrx_word' id='word_1_207' title='bbox 1160 2624 1259 2682; x_wconf 89' lang='lat' dir='ltr'><strong>nullus</strong></span> <span class='ocrx_word' id='word_1_208' title='bbox 1287 2632 1387 2682; x_wconf 87' lang='lat' dir='ltr'><strong>autem</strong></span> <span class='ocrx_word' id='word_1_209' title='bbox 1412 2624 1489 2682; x_wconf 87' lang='lat' dir='ltr'><strong>alius</strong></span> <span class='ocrx_word' id='word_1_210' title='bbox 1511 2624 1642 2683; x_wconf 84' lang='lat' dir='ltr'><strong>Albinus</strong></span> <span class='ocrx_word' id='word_1_211' title='bbox 1663 2625 1722 2681; x_wconf 88' lang='lat' dir='ltr'><strong>huic</strong></span> 
     </span>
     <span class='ocr_line' id='line_1_21' title="bbox 400 2725 1723 2804; baseline -0.002 -19"><span class='ocrx_word' id='word_1_212' title='bbox 400 2728 466 2786; x_wconf 92' lang='lat' dir='ltr'><strong>loco</strong></span> <span class='ocrx_word' id='word_1_213' title='bbox 492 2735 582 2803; x_wconf 87' lang='lat' dir='ltr'><strong>aptus</strong></span> <span class='ocrx_word' id='word_1_214' title='bbox 608 2727 776 2785; x_wconf 85' lang='lat' dir='ltr'><strong>iterationis</strong></span> <span class='ocrx_word' id='word_1_215' title='bbox 804 2735 905 2784; x_wconf 87' lang='lat' dir='ltr'><strong>notam</strong></span> <span class='ocrx_word' id='word_1_216' title='bbox 932 2727 961 2784; x_wconf 91' lang='lat' dir='ltr'><strong>in</strong></span> <span class='ocrx_word' id='word_1_217' title='bbox 983 2727 1070 2786; x_wconf 87' lang='lat' dir='ltr'><strong>fastis</strong></span> <span class='ocrx_word' id='word_1_218' title='bbox 1092 2728 1200 2786; x_wconf 85' lang='lat' dir='ltr'><strong>habeat</strong></span> <span class='ocrx_word' id='word_1_219' title='bbox 1221 2737 1338 2804; x_wconf 88' lang='lat' dir='ltr'><strong>praeter</strong></span> <span class='ocrx_word' id='word_1_220' title='bbox 1360 2745 1426 2785; x_wconf 89' lang='lat' dir='ltr'><strong>eum</strong></span> <span class='ocrx_word' id='word_1_221' title='bbox 1449 2725 1498 2803; x_wconf 92' lang='lat' dir='ltr'><strong>qui</strong></span> <span class='ocrx_word' id='word_1_222' title='bbox 1520 2726 1616 2785; x_wconf 83' lang='lat' dir='ltr'><strong>fasces</strong></span> <span class='ocrx_word' id='word_1_223' title='bbox 1639 2726 1723 2785; x_wconf 92' lang='lat' dir='ltr'><strong>tenuit</strong></span> 
     </span>
     <span class='ocr_line' id='line_1_22' title="bbox 402 2825 1721 2904; baseline -0.003 -16"><span class='ocrx_word' id='word_1_224' title='bbox 402 2849 428 2888; x_wconf 90' lang='lat' dir='ltr'><strong>a.</strong></span> <span class='ocrx_word' id='word_1_225' title='bbox 446 2830 521 2902; x_wconf 82' lang='grc'><strong>263,</strong></span> <span class='ocrx_word' id='word_1_226' title='bbox 549 2836 579 2887; x_wconf 88' lang='lat' dir='ltr'><strong>et</strong></span> <span class='ocrx_word' id='word_1_227' title='bbox 605 2831 684 2888; x_wconf 90' lang='lat' dir='ltr'><strong>huuc</strong></span> <span class='ocrx_word' id='word_1_228' title='bbox 711 2828 899 2888; x_wconf 89' lang='lat' dir='ltr'><strong>consulatum</strong></span> <span class='ocrx_word' id='word_1_229' title='bbox 927 2829 954 2885; x_wconf 91' lang='lat' dir='ltr'><strong>ei</strong></span> <span class='ocrx_word' id='word_1_230' title='bbox 981 2830 1145 2887; x_wconf 89' lang='lat' dir='ltr'><strong>tribuerunt</strong></span> <span class='ocrx_word' id='word_1_231' title='bbox 1172 2835 1201 2888; x_wconf 88' lang='lat' dir='ltr'><strong>et</strong></span> <span class='ocrx_word' id='word_1_232' title='bbox 1229 2829 1354 2888; x_wconf 86' lang='lat' dir='ltr'><strong>alterum</strong></span> <span class='ocrx_word' id='word_1_233' title='bbox 1382 2849 1408 2886; x_wconf 91' lang='lat' dir='ltr'><strong>a.</strong></span> <span class='ocrx_word' id='word_1_234' title='bbox 1426 2825 1485 2888; x_wconf 89' lang='grc'><strong>246</strong></span> <span class='ocrx_word' id='word_1_235' title='bbox 1513 2829 1643 2904; x_wconf 89' lang='lat' dir='ltr'><strong>priorem</strong></span> <span class='ocrx_word' id='word_1_236' title='bbox 1667 2828 1721 2887; x_wconf 89' lang='lat' dir='ltr'><strong>eins</strong></span> 
     </span>
     <span class='ocr_line' id='line_1_23' title="bbox 402 2929 1722 3007; baseline -0.004 -16"><span class='ocrx_word' id='word_1_237' title='bbox 402 2932 584 2991; x_wconf 91' lang='lat' dir='ltr'><strong>ordinarium</strong></span> <span class='ocrx_word' id='word_1_238' title='bbox 612 2933 824 2990; x_wconf 84' lang='lat' dir='ltr'><strong>iudicaverunt.</strong></span> <span class='ocrx_word' id='word_1_239' title='bbox 868 2929 974 3006; x_wconf 89' lang='lat' dir='ltr'><strong>Neque</strong></span> <span class='ocrx_word' id='word_1_240' title='bbox 1001 2941 1100 2990; x_wconf 88' lang='lat' dir='ltr'><strong>tamen</strong></span> <span class='ocrx_word' id='word_1_241' title='bbox 1126 2932 1228 3007; x_wconf 86' lang='lat' dir='ltr'><strong>negari</strong></span> <span class='ocrx_word' id='word_1_242' title='bbox 1252 2938 1368 3007; x_wconf 87' lang='lat' dir='ltr'><strong>poterat</strong></span> <span class='ocrx_word' id='word_1_243' title='bbox 1390 2931 1506 2990; x_wconf 89' lang='lat' dir='ltr'><strong>titulum</strong></span> <span class='ocrx_word' id='word_1_244' title='bbox 1530 2929 1611 2989; x_wconf 91' lang='lat' dir='ltr'><strong>illum</strong></span> <span class='ocrx_word' id='word_1_245' title='bbox 1634 2930 1722 3007; x_wconf 86' lang='lat' dir='ltr'><strong>quarti</strong></span> 
     </span>
     <span class='ocr_line' id='line_1_24' title="bbox 401 3031 1719 3110; baseline -0.003 -17"><span class='ocrx_word' id='word_1_246' title='bbox 401 3035 512 3093; x_wconf 91' lang='lat' dir='ltr'><strong>saeculi</strong></span> <span class='ocrx_word' id='word_1_247' title='bbox 534 3035 660 3094; x_wconf 84' lang='lat' dir='ltr'><strong>formam</strong></span> <span class='ocrx_word' id='word_1_248' title='bbox 683 3034 936 3110; x_wconf 84' lang='lat' dir='ltr'><strong>magistratusque</strong></span> <span class='ocrx_word' id='word_1_249' title='bbox 958 3053 1030 3109; x_wconf 89' lang='lat' dir='ltr'><strong>prae</strong></span> <span class='ocrx_word' id='word_1_250' title='bbox 1052 3049 1085 3090; x_wconf 87' lang='lat' dir='ltr'><strong>se</strong></span> <span class='ocrx_word' id='word_1_251' title='bbox 1104 3033 1190 3103; x_wconf 87' lang='lat' dir='ltr'><strong>ferre,</strong></span> <span class='ocrx_word' id='word_1_252' title='bbox 1212 3033 1242 3090; x_wconf 92' lang='lat' dir='ltr'><strong>id</strong></span> <span class='ocrx_word' id='word_1_253' title='bbox 1258 3031 1337 3109; x_wconf 92' lang='lat' dir='ltr'><strong>quod</strong></span> <span class='ocrx_word' id='word_1_254' title='bbox 1352 3051 1406 3110; x_wconf 88' lang='lat' dir='ltr'><strong>ego</strong></span> <span class='ocrx_word' id='word_1_255' title='bbox 1422 3034 1452 3090; x_wconf 90' lang='lat' dir='ltr'><strong>in</strong></span> <span class='ocrx_word' id='word_1_256' title='bbox 1467 3033 1523 3091; x_wconf 87' lang='lat' dir='ltr'><strong>hac</strong></span> <span class='ocrx_word' id='word_1_257' title='bbox 1537 3033 1604 3109; x_wconf 86' lang='lat' dir='ltr'><strong>eph.</strong></span> <span class='ocrx_word' id='word_1_258' title='bbox 1625 3033 1719 3108; x_wconf 82' lang='lat' dir='ltr'><strong>(roll</strong></span> 
     </span>
     <span class='ocr_line' id='line_1_25' title="bbox 401 3133 1723 3213; baseline -0.002 -20"><span class='ocrx_word' id='word_1_259' title='bbox 401 3155 431 3211; x_wconf 94' lang='lat' dir='ltr'><strong>p.</strong></span> <span class='ocrx_word' id='word_1_260' title='bbox 447 3135 519 3211; x_wconf 81' lang='lat'>135)</span> <span class='ocrx_word' id='word_1_261' title='bbox 542 3136 642 3213; x_wconf 91' lang='lat' dir='ltr'><strong>aliquo</strong></span> <span class='ocrx_word' id='word_1_262' title='bbox 664 3136 752 3194; x_wconf 92' lang='lat' dir='ltr'><strong>modo</strong></span> <span class='ocrx_word' id='word_1_263' title='bbox 774 3154 918 3194; x_wconf 81' lang='lat' dir='ltr'><strong>excusare</strong></span> <span class='ocrx_word' id='word_1_264' title='bbox 940 3144 1062 3194; x_wconf 88' lang='lat' dir='ltr'><strong>conatus</strong></span> <span class='ocrx_word' id='word_1_265' title='bbox 1085 3153 1160 3206; x_wconf 88' lang='lat' dir='ltr'><strong>sum,</strong></span> <span class='ocrx_word' id='word_1_266' title='bbox 1184 3135 1236 3192; x_wconf 89' lang='lat' dir='ltr'><strong>sed</strong></span> <span class='ocrx_word' id='word_1_267' title='bbox 1255 3136 1376 3194; x_wconf 85' lang='lat' dir='ltr'><strong>frustra.</strong></span> <span class='ocrx_word' id='word_1_268' title='bbox 1410 3133 1489 3194; x_wconf 87' lang='lat' dir='ltr'><strong>Nam</strong></span> <span class='ocrx_word' id='word_1_269' title='bbox 1504 3135 1639 3212; x_wconf 85' lang='lat' dir='ltr'><strong>diploma</strong></span> <span class='ocrx_word' id='word_1_270' title='bbox 1651 3133 1723 3211; x_wconf 92' lang='lat' dir='ltr'><strong>qnod</strong></span> 
     </span>
     <span class='ocr_line' id='line_1_26' title="bbox 401 3237 1723 3315; baseline -0.002 -19"><span class='ocrx_word' id='word_1_271' title='bbox 401 3239 515 3297; x_wconf 91' lang='lat' dir='ltr'><strong>edimus</strong></span> <span class='ocrx_word' id='word_1_272' title='bbox 533 3239 590 3296; x_wconf 90' lang='lat' dir='ltr'><strong>hoc</strong></span> <span class='ocrx_word' id='word_1_273' title='bbox 605 3239 721 3314; x_wconf 91' lang='lat' dir='ltr'><strong>quidem</strong></span> <span class='ocrx_word' id='word_1_274' title='bbox 744 3249 831 3296; x_wconf 85' lang='lat' dir='ltr'><strong>extra</strong></span> <span class='ocrx_word' id='word_1_275' title='bbox 851 3238 971 3297; x_wconf 91' lang='lat' dir='ltr'><strong>dubium</strong></span> <span class='ocrx_word' id='word_1_276' title='bbox 994 3237 1079 3314; x_wconf 90' lang='lat' dir='ltr'><strong>ponit</strong></span> <span class='ocrx_word' id='word_1_277' title='bbox 1098 3239 1250 3296; x_wconf 88' lang='lat' dir='ltr'><strong>consulem</strong></span> <span class='ocrx_word' id='word_1_278' title='bbox 1266 3238 1407 3297; x_wconf 88' lang='lat' dir='ltr'><strong>Albinum</strong></span> <span class='ocrx_word' id='word_1_279' title='bbox 1429 3257 1455 3296; x_wconf 81' lang='lat' dir='ltr'><strong>a</strong></span> <span class='ocrx_word' id='word_1_280' title='bbox 1469 3237 1528 3295; x_wconf 88' lang='grc'><strong>246</strong></span> <span class='ocrx_word' id='word_1_281' title='bbox 1544 3255 1723 3315; x_wconf 89' lang='lat' dir='ltr'><strong>nequaqnam</strong></span> 
     </span>
     <span class='ocr_line' id='line_1_27' title="bbox 403 3338 1724 3417; baseline -0.003 -18"><span class='ocrx_word' id='word_1_282' title='bbox 403 3341 586 3417; x_wconf 90' lang='lat' dir='ltr'><strong>appellatum</strong></span> <span class='ocrx_word' id='word_1_283' title='bbox 613 3359 678 3399; x_wconf 88' lang='lat' dir='ltr'><strong>esse</strong></span> <span class='ocrx_word' id='word_1_284' title='bbox 699 3341 740 3398; x_wconf 89' lang='lat' dir='ltr'><strong>M.</strong></span> <span class='ocrx_word' id='word_1_285' title='bbox 764 3340 945 3398; x_wconf 89' lang='lat' dir='ltr'><strong>Nummium.</strong></span> <span class='ocrx_word' id='word_1_286' title='bbox 991 3338 1050 3400; x_wconf 87' lang='lat' dir='ltr'><strong>Sed</strong></span> <span class='ocrx_word' id='word_1_287' title='bbox 1076 3358 1137 3415; x_wconf 91' lang='lat' dir='ltr'><strong>quo</strong></span> <span class='ocrx_word' id='word_1_288' title='bbox 1165 3339 1283 3398; x_wconf 88' lang='lat' dir='ltr'><strong>nomine</strong></span> <span class='ocrx_word' id='word_1_289' title='bbox 1307 3359 1374 3399; x_wconf 83' lang='lat' dir='ltr'><strong>vere</strong></span> <span class='ocrx_word' id='word_1_290' title='bbox 1400 3341 1502 3410; x_wconf 86' lang='lat' dir='ltr'><strong>luerit,</strong></span> <span class='ocrx_word' id='word_1_291' title='bbox 1530 3340 1627 3398; x_wconf 92' lang='lat' dir='ltr'><strong>adhuc</strong></span> <span class='ocrx_word' id='word_1_292' title='bbox 1648 3341 1724 3416; x_wconf 83' lang='lat' dir='ltr'><strong>igno</strong></span> 
     </span>
     <span class='ocr_line' id='line_1_28' title="bbox 400 3441 1724 3519; baseline -0.003 -18"><span class='ocrx_word' id='word_1_293' title='bbox 400 3453 492 3516; x_wconf 89' lang='lat' dir='ltr'><strong>ratur,</strong></span> <span class='ocrx_word' id='word_1_294' title='bbox 521 3461 587 3500; x_wconf 88' lang='lat' dir='ltr'><strong>cum</strong></span> <span class='ocrx_word' id='word_1_295' title='bbox 615 3443 716 3500; x_wconf 86' lang='lat' dir='ltr'><strong>tabula</strong></span> <span class='ocrx_word' id='word_1_296' title='bbox 742 3443 861 3501; x_wconf 83' lang='lat' dir='ltr'><strong>deficiat</strong></span> <span class='ocrx_word' id='word_1_297' title='bbox 887 3452 918 3500; x_wconf 87' lang='lat' dir='ltr'><strong>et</strong></span> <span class='ocrx_word' id='word_1_298' title='bbox 943 3462 978 3500; x_wconf 87' lang='lat' dir='ltr'><strong>ne</strong></span> <span class='ocrx_word' id='word_1_299' title='bbox 1005 3461 1058 3500; x_wconf 86' lang='lat' dir='ltr'><strong>eae</strong></span> <span class='ocrx_word' id='word_1_300' title='bbox 1084 3441 1203 3517; x_wconf 88' lang='lat' dir='ltr'><strong>quidem</strong></span> <span class='ocrx_word' id='word_1_301' title='bbox 1227 3461 1303 3519; x_wconf 89' lang='lat' dir='ltr'><strong>quae</strong></span> <span class='ocrx_word' id='word_1_302' title='bbox 1325 3451 1485 3518; x_wconf 89' lang='lat' dir='ltr'><strong>supersunt</strong></span> <span class='ocrx_word' id='word_1_303' title='bbox 1505 3443 1622 3502; x_wconf 88' lang='lat' dir='ltr'><strong>litterae</strong></span> <span class='ocrx_word' id='word_1_304' title='bbox 1643 3444 1724 3518; x_wconf 89' lang='lat' dir='ltr'><strong>plane</strong></span> 
     </span>
     <span class='ocr_line' id='line_1_29' title="bbox 400 3543 1725 3622; baseline -0.003 -19"><span class='ocrx_word' id='word_1_305' title='bbox 400 3553 498 3603; x_wconf 87' lang='lat' dir='ltr'><strong>certae</strong></span> <span class='ocrx_word' id='word_1_306' title='bbox 525 3545 594 3602; x_wconf 88' lang='lat' dir='ltr'><strong>sint.</strong></span> <span class='ocrx_word' id='word_1_307' title='bbox 638 3545 794 3620; x_wconf 88' lang='lat' dir='ltr'><strong>Reliquiae</strong></span> <span class='ocrx_word' id='word_1_308' title='bbox 821 3545 950 3604; x_wconf 91' lang='lat' dir='ltr'><strong>nominis</strong></span> <span class='ocrx_word' id='word_1_309' title='bbox 976 3560 1050 3602; x_wconf 76' lang='lat' dir='ltr'><strong>cata</strong></span> <span class='ocrx_word' id='word_1_310' title='bbox 1072 3543 1183 3602; x_wconf 92' lang='lat' dir='ltr'><strong>ducunt</strong></span> <span class='ocrx_word' id='word_1_311' title='bbox 1205 3544 1242 3603; x_wconf 90' lang='lat' dir='ltr'><strong>ad</strong></span> <span class='ocrx_word' id='word_1_312' title='bbox 1265 3563 1371 3603; x_wconf 90' lang='lat' dir='ltr'><strong>nomen</strong></span> <span class='ocrx_word' id='word_1_313' title='bbox 1393 3544 1481 3622; x_wconf 90' lang='lat' dir='ltr'><strong>quale</strong></span> <span class='ocrx_word' id='word_1_314' title='bbox 1502 3552 1549 3603; x_wconf 89' lang='lat' dir='ltr'><strong>est</strong></span> <span class='ocrx_word' id='word_1_315' title='bbox 1572 3545 1603 3605; x_wconf 85' lang='lat' dir='ltr'><strong>C.</strong></span> <span class='ocrx_word' id='word_1_316' title='bbox 1628 3546 1725 3603; x_wconf 79' lang='lat' dir='ltr'><strong>Altius</strong></span> 
     </span>
     <span class='ocr_line' id='line_1_30' title="bbox 401 3646 1725 3724; baseline -0.002 -20"><span class='ocrx_word' id='word_1_317' title='bbox 401 3647 449 3704; x_wconf 87' lang='lat' dir='ltr'><strong>vel</strong></span> <span class='ocrx_word' id='word_1_318' title='bbox 474 3648 503 3707; x_wconf 87' lang='lat' dir='ltr'><strong>C.</strong></span> <span class='ocrx_word' id='word_1_319' title='bbox 527 3647 661 3706; x_wconf 81' lang='lat' dir='ltr'><strong>Albinius</strong></span> <span class='ocrx_word' id='word_1_320' title='bbox 683 3648 821 3716; x_wconf 63' lang='lat' dir='ltr'><strong>Albinum</strong></span> <span class='ocrx_word' id='word_1_321' title='bbox 850 3657 957 3706; x_wconf 88' lang='lat' dir='ltr'><strong>neutra</strong></span> <span class='ocrx_word' id='word_1_322' title='bbox 983 3656 1080 3705; x_wconf 90' lang='lat' dir='ltr'><strong>tamen</strong></span> <span class='ocrx_word' id='word_1_323' title='bbox 1107 3647 1224 3704; x_wconf 84' lang='lat' dir='ltr'><strong>familia</strong></span> <span class='ocrx_word' id='word_1_324' title='bbox 1249 3647 1346 3705; x_wconf 86' lang='lat' dir='ltr'><strong>adhuc</strong></span> <span class='ocrx_word' id='word_1_325' title='bbox 1372 3648 1452 3724; x_wconf 93' lang='lat' dir='ltr'><strong>quod</strong></span> <span class='ocrx_word' id='word_1_326' title='bbox 1478 3652 1571 3706; x_wconf 87' lang='lat' dir='ltr'><strong>sciam</strong></span> <span class='ocrx_word' id='word_1_327' title='bbox 1593 3646 1725 3706; x_wconf 88' lang='lat' dir='ltr'><strong>innotuit.</strong></span> 
     </span>
     <span class='ocr_line' id='line_1_31' title="bbox 399 3749 1725 3826; baseline -0.005 -16"><span class='ocrx_word' id='word_1_328' title='bbox 399 3750 475 3810; x_wconf 88' lang='lat' dir='ltr'><strong>Utut</strong></span> <span class='ocrx_word' id='word_1_329' title='bbox 504 3760 566 3822; x_wconf 87' lang='lat' dir='ltr'><strong>est,</strong></span> <span class='ocrx_word' id='word_1_330' title='bbox 593 3751 780 3826; x_wconf 90' lang='lat' dir='ltr'><strong>aliquatenus</strong></span> <span class='ocrx_word' id='word_1_331' title='bbox 809 3757 887 3807; x_wconf 87' lang='lat' dir='ltr'><strong>certe</strong></span> <span class='ocrx_word' id='word_1_332' title='bbox 914 3757 1031 3806; x_wconf 92' lang='lat' dir='ltr'><strong>constat</strong></span> <span class='ocrx_word' id='word_1_333' title='bbox 1057 3749 1093 3806; x_wconf 89' lang='lat' dir='ltr'><strong>de</strong></span> <span class='ocrx_word' id='word_1_334' title='bbox 1119 3749 1238 3806; x_wconf 90' lang='lat' dir='ltr'><strong>nomine</strong></span> <span class='ocrx_word' id='word_1_335' title='bbox 1266 3750 1398 3808; x_wconf 91' lang='lat' dir='ltr'><strong>consulis</strong></span> <span class='ocrx_word' id='word_1_336' title='bbox 1425 3749 1529 3808; x_wconf 90' lang='lat' dir='ltr'><strong>Albini</strong></span> <span class='ocrx_word' id='word_1_337' title='bbox 1557 3769 1584 3806; x_wconf 89' lang='lat' dir='ltr'><strong>a.</strong></span> <span class='ocrx_word' id='word_1_338' title='bbox 1602 3749 1677 3818; x_wconf 82' lang='grc'><strong>246,</strong></span> <span class='ocrx_word' id='word_1_339' title='bbox 1701 3749 1725 3804; x_wconf 90' lang='lat' dir='ltr'><strong>is</strong></span> 
     </span>
     <span class='ocr_line' id='line_1_32' title="bbox 400 3848 1725 3930; baseline -0.002 -19"><span class='ocrx_word' id='word_1_340' title='bbox 400 3862 500 3911; x_wconf 87' lang='lat' dir='ltr'><strong>autem</strong></span> <span class='ocrx_word' id='word_1_341' title='bbox 528 3853 579 3928; x_wconf 90' lang='lat' dir='ltr'><strong>qui</strong></span> <span class='ocrx_word' id='word_1_342' title='bbox 605 3853 702 3911; x_wconf 86' lang='lat' dir='ltr'><strong>fascea</strong></span> <span class='ocrx_word' id='word_1_343' title='bbox 729 3853 833 3910; x_wconf 88' lang='lat' dir='ltr'><strong>iterum</strong></span> <span class='ocrx_word' id='word_1_344' title='bbox 861 3851 957 3930; x_wconf 83' lang='lat' dir='ltr'><strong>gessit</strong></span> <span class='ocrx_word' id='word_1_345' title='bbox 983 3869 1010 3908; x_wconf 86' lang='lat' dir='ltr'><strong>a.</strong></span> <span class='ocrx_word' id='word_1_346' title='bbox 1026 3848 1083 3908; x_wconf 89' lang='grc'><strong>263</strong></span> <span class='ocrx_word' id='word_1_347' title='bbox 1112 3857 1210 3908; x_wconf 91' lang='lat' dir='ltr'><strong>utrum</strong></span> <span class='ocrx_word' id='word_1_348' title='bbox 1233 3850 1310 3908; x_wconf 89' lang='lat' dir='ltr'><strong>idem</strong></span> <span class='ocrx_word' id='word_1_349' title='bbox 1334 3851 1422 3909; x_wconf 90' lang='lat' dir='ltr'><strong>suerit</strong></span> <span class='ocrx_word' id='word_1_350' title='bbox 1444 3869 1549 3922; x_wconf 87' lang='lat' dir='ltr'><strong>necne,</strong></span> <span class='ocrx_word' id='word_1_351' title='bbox 1577 3852 1666 3927; x_wconf 89' lang='lat' dir='ltr'><strong>plane</strong></span> <span class='ocrx_word' id='word_1_352' title='bbox 1686 3850 1725 3908; x_wconf 91' lang='lat' dir='ltr'><strong>in-</strong></span> 
     </span>
     <span class='ocr_line' id='line_1_33' title="bbox 400 3952 1726 4032; baseline -0.004 -20"><span class='ocrx_word' id='word_1_353' title='bbox 400 3963 511 4014; x_wconf 84' lang='lat' dir='ltr'><strong>certum</strong></span> <span class='ocrx_word' id='word_1_354' title='bbox 538 3965 598 4026; x_wconf 91' lang='lat' dir='ltr'><strong>est,</strong></span> <span class='ocrx_word' id='word_1_355' title='bbox 626 3974 680 4012; x_wconf 90' lang='lat' dir='ltr'><strong>nec</strong></span> <span class='ocrx_word' id='word_1_356' title='bbox 709 3955 866 4030; x_wconf 87' lang='lat' dir='ltr'><strong>quicquam</strong></span> <span class='ocrx_word' id='word_1_357' title='bbox 894 3953 930 4012; x_wconf 88' lang='lat' dir='ltr'><strong>de</strong></span> <span class='ocrx_word' id='word_1_358' title='bbox 958 3973 994 4011; x_wconf 92' lang='lat' dir='ltr'><strong>eo</strong></span> <span class='ocrx_word' id='word_1_359' title='bbox 1024 3952 1163 4010; x_wconf 85' lang='lat' dir='ltr'><strong>traditum</strong></span> <span class='ocrx_word' id='word_1_360' title='bbox 1193 3952 1336 4011; x_wconf 87' lang='lat' dir='ltr'><strong>habemus</strong></span> <span class='ocrx_word' id='word_1_361' title='bbox 1366 3965 1481 4030; x_wconf 87' lang='lat' dir='ltr'><strong>praeter</strong></span> <span class='ocrx_word' id='word_1_362' title='bbox 1510 3973 1674 4032; x_wconf 88' lang='lat' dir='ltr'><strong>cognomen</strong></span> <span class='ocrx_word' id='word_1_363' title='bbox 1701 3961 1726 4007; x_wconf 88' lang='lat' dir='ltr'><strong>et</strong></span> 
     </span>
     <span class='ocr_line' id='line_1_34' title="bbox 399 4055 1727 4133; baseline -0.002 -18"><span class='ocrx_word' id='word_1_364' title='bbox 399 4057 565 4116; x_wconf 86' lang='lat' dir='ltr'><strong>iterationis</strong></span> <span class='ocrx_word' id='word_1_365' title='bbox 592 4064 701 4114; x_wconf 90' lang='lat' dir='ltr'><strong>notam.</strong></span> <span class='ocrx_word' id='word_1_366' title='bbox 746 4056 888 4114; x_wconf 84' lang='lat' dir='ltr'><strong>Eiusdem</strong></span> <span class='ocrx_word' id='word_1_367' title='bbox 915 4056 1020 4114; x_wconf 89' lang='lat' dir='ltr'><strong>aetatis</strong></span> <span class='ocrx_word' id='word_1_368' title='bbox 1047 4055 1165 4130; x_wconf 86' lang='lat' dir='ltr'><strong>estqui</strong></span> <span class='ocrx_word' id='word_1_369' title='bbox 1188 4055 1348 4113; x_wconf 86' lang='lat' dir='ltr'><strong>secundnm</strong></span> <span class='ocrx_word' id='word_1_370' title='bbox 1370 4055 1546 4115; x_wconf 88' lang='lat' dir='ltr'><strong>laterculum</strong></span> <span class='ocrx_word' id='word_1_371' title='bbox 1569 4057 1727 4133; x_wconf 85' lang='lat' dir='ltr'><strong>praelecto-</strong></span> 
     </span>
     <span class='ocr_line' id='line_1_35' title="bbox 399 4157 1728 4236; baseline -0.005 -18"><span class='ocrx_word' id='word_1_372' title='bbox 399 4180 465 4218; x_wconf 91' lang='lat' dir='ltr'><strong>rum</strong></span> <span class='ocrx_word' id='word_1_373' title='bbox 492 4181 519 4219; x_wconf 87' lang='lat' dir='ltr'><strong>a.</strong></span> <span class='ocrx_word' id='word_1_374' title='bbox 536 4159 595 4218; x_wconf 81' lang='grc'><strong>256</strong></span> <span class='ocrx_word' id='word_1_375' title='bbox 622 4160 808 4235; x_wconf 84' lang='lat' dir='ltr'><strong>praefectura</strong></span> <span class='ocrx_word' id='word_1_376' title='bbox 835 4157 916 4216; x_wconf 89' lang='lat' dir='ltr'><strong>urbis</strong></span> <span class='ocrx_word' id='word_1_377' title='bbox 938 4158 1117 4236; x_wconf 88' lang='lat' dir='ltr'><strong>fungebatur</strong></span> <span class='ocrx_word' id='word_1_378' title='bbox 1139 4157 1298 4217; x_wconf 84' lang='lat' dir='ltr'><strong>Nummius</strong></span> <span class='ocrx_word' id='word_1_379' title='bbox 1320 4158 1466 4229; x_wconf 89' lang='lat' dir='ltr'><strong>Albinus,</strong></span> <span class='ocrx_word' id='word_1_380' title='bbox 1491 4168 1596 4235; x_wconf 88' lang='lat' dir='ltr'><strong>aperte</strong></span> <span class='ocrx_word' id='word_1_381' title='bbox 1617 4161 1645 4217; x_wconf 93' lang='lat' dir='ltr'><strong>is</strong></span> <span class='ocrx_word' id='word_1_382' title='bbox 1668 4159 1728 4234; x_wconf 89' lang='lat' dir='ltr'><strong>ipse</strong></span> 
     </span>
     <span class='ocr_line' id='line_1_36' title="bbox 401 4259 1728 4337; baseline -0.005 -16"><span class='ocrx_word' id='word_1_383' title='bbox 401 4261 543 4322; x_wconf 86' lang='lat' dir='ltr'><strong>Ceionius</strong></span> <span class='ocrx_word' id='word_1_384' title='bbox 566 4260 709 4332; x_wconf 88' lang='lat' dir='ltr'><strong>Albinus,</strong></span> <span class='ocrx_word' id='word_1_385' title='bbox 739 4261 776 4319; x_wconf 91' lang='lat' dir='ltr'><strong>ad</strong></span> <span class='ocrx_word' id='word_1_386' title='bbox 803 4279 891 4337; x_wconf 90' lang='lat' dir='ltr'><strong>quern</strong></span> <span class='ocrx_word' id='word_1_387' title='bbox 913 4259 1093 4318; x_wconf 90' lang='lat' dir='ltr'><strong>Valerianus</strong></span> <span class='ocrx_word' id='word_1_388' title='bbox 1121 4263 1277 4337; x_wconf 88' lang='lat' dir='ltr'><strong>Augustus</strong></span> <span class='ocrx_word' id='word_1_389' title='bbox 1304 4260 1412 4318; x_wconf 87' lang='lat' dir='ltr'><strong>dicitur</strong></span> <span class='ocrx_word' id='word_1_390' title='bbox 1436 4261 1630 4337; x_wconf 91' lang='lat' dir='ltr'><strong>rescripsisse</strong></span> <span class='ocrx_word' id='word_1_391' title='bbox 1657 4261 1728 4336; x_wconf 82' lang='lat' dir='ltr'><strong>(vita</strong></span> 
     </span>
     <span class='ocr_line' id='line_1_37' title="bbox 400 4359 1727 4440; baseline -0.005 -18"><span class='ocrx_word' id='word_1_392' title='bbox 400 4383 425 4422; x_wconf 94' lang='lat' dir='ltr'><strong>c.</strong></span> <span class='ocrx_word' id='word_1_393' title='bbox 441 4363 491 4440; x_wconf 86' lang='lat'><strong>9),</strong></span> <span class='ocrx_word' id='word_1_394' title='bbox 520 4383 575 4423; x_wconf 92' lang='lat' dir='ltr'><strong>nec</strong></span> <span class='ocrx_word' id='word_1_395' title='bbox 602 4364 735 4423; x_wconf 85' lang='lat' dir='ltr'><strong>diversus</strong></span> <span class='ocrx_word' id='word_1_396' title='bbox 762 4383 781 4422; x_wconf 89' lang='lat' dir='ltr'><strong>a</strong></span> <span class='ocrx_word' id='word_1_397' title='bbox 806 4369 944 4439; x_wconf 86' lang='lat' dir='ltr'><strong>praetore</strong></span> <span class='ocrx_word' id='word_1_398' title='bbox 970 4363 1083 4421; x_wconf 90' lang='lat' dir='ltr'><strong>urbano</strong></span> <span class='ocrx_word' id='word_1_399' title='bbox 1109 4362 1149 4420; x_wconf 91' lang='lat' dir='ltr'><strong>M.</strong></span> <span class='ocrx_word' id='word_1_400' title='bbox 1178 4360 1321 4421; x_wconf 90' lang='lat' dir='ltr'><strong>Nummio</strong></span> <span class='ocrx_word' id='word_1_401' title='bbox 1344 4359 1469 4420; x_wconf 84' lang='lat' dir='ltr'><strong>Ceionio</strong></span> <span class='ocrx_word' id='word_1_402' title='bbox 1496 4363 1598 4421; x_wconf 89' lang='lat' dir='ltr'><strong>Annio</strong></span> <span class='ocrx_word' id='word_1_403' title='bbox 1621 4363 1727 4422; x_wconf 90' lang='lat' dir='ltr'><strong>Albino</strong></span> 
     </span>
     <span class='ocr_line' id='line_1_38' title="bbox 401 4463 1727 4542; baseline -0.003 -18"><span class='ocrx_word' id='word_1_404' title='bbox 401 4467 479 4537; x_wconf 64' lang='lat' dir='ltr'><strong>dtuli</strong></span> <span class='ocrx_word' id='word_1_405' title='bbox 506 4467 610 4525; x_wconf 90' lang='lat' dir='ltr'><strong>urbani</strong></span> <span class='ocrx_word' id='word_1_406' title='bbox 633 4465 745 4524; x_wconf 88' lang='lat' dir='ltr'><strong>vol.Vl</strong></span> <span class='ocrx_word' id='word_1_407' title='bbox 767 4485 795 4524; x_wconf 92' lang='lat' dir='ltr'><strong>n.</strong></span> <span class='ocrx_word' id='word_1_408' title='bbox 813 4466 910 4535; x_wconf 75' lang='lat'>31413</span> <span class='ocrx_word' id='word_1_409' title='bbox 938 4466 991 4524; x_wconf 92' lang='lat' dir='ltr'><strong>sed</strong></span> <span class='ocrx_word' id='word_1_410' title='bbox 1017 4485 1104 4542; x_wconf 88' lang='lat' dir='ltr'><strong>quem</strong></span> <span class='ocrx_word' id='word_1_411' title='bbox 1131 4464 1228 4522; x_wconf 89' lang='lat' dir='ltr'><strong>locum</strong></span> <span class='ocrx_word' id='word_1_412' title='bbox 1251 4465 1277 4523; x_wconf 91' lang='lat' dir='ltr'><strong>is</strong></span> <span class='ocrx_word' id='word_1_413' title='bbox 1300 4465 1331 4522; x_wconf 92' lang='lat' dir='ltr'><strong>in</strong></span> <span class='ocrx_word' id='word_1_414' title='bbox 1353 4463 1441 4524; x_wconf 87' lang='lat' dir='ltr'><strong>lastis</strong></span> <span class='ocrx_word' id='word_1_415' title='bbox 1463 4467 1606 4538; x_wconf 86' lang='lat' dir='ltr'><strong>tenuerit,</strong></span> <span class='ocrx_word' id='word_1_416' title='bbox 1636 4465 1727 4523; x_wconf 90' lang='lat' dir='ltr'><strong>adhuc</strong></span> 
     </span>
     <span class='ocr_line' id='line_1_39' title="bbox 400 4566 1728 4646; baseline -0.005 -19"><span class='ocrx_word' id='word_1_417' title='bbox 400 4570 635 4646; x_wconf 78' lang='lat' dir='ltr'><strong>ignoramus-</strong></span> <span class='ocrx_word' id='word_1_418' title='bbox 658 4567 796 4645; x_wconf 88' lang='lat' dir='ltr'><strong>Denique</strong></span> <span class='ocrx_word' id='word_1_419' title='bbox 812 4568 940 4626; x_wconf 90' lang='lat' dir='ltr'><strong>Albinus</strong></span> <span class='ocrx_word' id='word_1_420' title='bbox 962 4568 1013 4626; x_wconf 91' lang='lat' dir='ltr'><strong>ille</strong></span> <span class='ocrx_word' id='word_1_421' title='bbox 1035 4566 1142 4626; x_wconf 91' lang='lat' dir='ltr'><strong>consul</strong></span> <span class='ocrx_word' id='word_1_422' title='bbox 1164 4566 1332 4625; x_wconf 88' lang='lat' dir='ltr'><strong>ordinarius</strong></span> <span class='ocrx_word' id='word_1_423' title='bbox 1352 4567 1460 4624; x_wconf 90' lang='lat' dir='ltr'><strong>iterum</strong></span> <span class='ocrx_word' id='word_1_424' title='bbox 1483 4568 1603 4626; x_wconf 87' lang='lat' dir='ltr'><strong>saeculo</strong></span> <span class='ocrx_word' id='word_1_425' title='bbox 1625 4575 1728 4644; x_wconf 87' lang='lat' dir='ltr'><strong>quarto</strong></span> 
     </span>
     <span class='ocr_line' id='line_1_40' title="bbox 400 4668 1729 4741; baseline -0.005 -11"><span class='ocrx_word' id='word_1_426' title='bbox 400 4691 460 4730; x_wconf 92' lang='lat' dir='ltr'><strong>non</strong></span> <span class='ocrx_word' id='word_1_427' title='bbox 481 4671 827 4741; x_wconf 81' lang='lat' dir='ltr'><strong>minusobscuroses13</strong></span> <span class='ocrx_word' id='word_1_428' title='bbox 860 4689 928 4728; x_wconf 91' lang='lat' dir='ltr'><strong>nam</strong></span> <span class='ocrx_word' id='word_1_429' title='bbox 955 4669 1055 4728; x_wconf 90' lang='lat' dir='ltr'><strong>nullus</strong></span> <span class='ocrx_word' id='word_1_430' title='bbox 1084 4677 1116 4726; x_wconf 93' lang='lat' dir='ltr'><strong>ut</strong></span> <span class='ocrx_word' id='word_1_431' title='bbox 1138 4669 1202 4726; x_wconf 86' lang='lat' dir='ltr'><strong>dixi</strong></span> <span class='ocrx_word' id='word_1_432' title='bbox 1228 4669 1259 4726; x_wconf 92' lang='lat' dir='ltr'><strong>in</strong></span> <span class='ocrx_word' id='word_1_433' title='bbox 1282 4669 1346 4726; x_wconf 84' lang='lat' dir='ltr'><strong>eius</strong></span> <span class='ocrx_word' id='word_1_434' title='bbox 1369 4669 1480 4727; x_wconf 87' lang='lat' dir='ltr'><strong>saeculi</strong></span> <span class='ocrx_word' id='word_1_435' title='bbox 1504 4670 1592 4729; x_wconf 84' lang='lat' dir='ltr'><strong>lastis</strong></span> <span class='ocrx_word' id='word_1_436' title='bbox 1621 4668 1729 4728; x_wconf 74' lang='lat' dir='ltr'><strong>inueni·</strong></span> 
     </span>
     <span class='ocr_line' id='line_1_41' title="bbox 400 4771 1728 4849; baseline -0.004 -17"><span class='ocrx_word' id='word_1_437' title='bbox 400 4782 449 4832; x_wconf 90' lang='lat' dir='ltr'><strong>tur</strong></span> <span class='ocrx_word' id='word_1_438' title='bbox 475 4773 605 4832; x_wconf 90' lang='lat' dir='ltr'><strong>Albinus</strong></span> <span class='ocrx_word' id='word_1_439' title='bbox 633 4773 737 4832; x_wconf 91' lang='lat' dir='ltr'><strong>consul</strong></span> <span class='ocrx_word' id='word_1_440' title='bbox 765 4773 933 4831; x_wconf 87' lang='lat' dir='ltr'><strong>ordinarius</strong></span> <span class='ocrx_word' id='word_1_441' title='bbox 961 4771 1127 4830; x_wconf 89' lang='lat' dir='ltr'><strong>iterationis</strong></span> <span class='ocrx_word' id='word_1_442' title='bbox 1155 4781 1258 4830; x_wconf 88' lang='lat' dir='ltr'><strong>notam</strong></span> <span class='ocrx_word' id='word_1_443' title='bbox 1285 4771 1416 4843; x_wconf 88' lang='lat' dir='ltr'><strong>habens,</strong></span> <span class='ocrx_word' id='word_1_444' title='bbox 1449 4791 1546 4848; x_wconf 86' lang='lat' dir='ltr'><strong>neque</strong></span> <span class='ocrx_word' id='word_1_445' title='bbox 1573 4773 1728 4849; x_wconf 88' lang='lat' dir='ltr'><strong>quisquam</strong></span> 
     </span>
     <span class='ocr_line' id='line_1_42' title="bbox 400 4873 1661 4952; baseline -0.002 -17"><span class='ocrx_word' id='word_1_446' title='bbox 400 4875 497 4935; x_wconf 86' lang='lat' dir='ltr'><strong>adhuc</strong></span> <span class='ocrx_word' id='word_1_447' title='bbox 524 4876 739 4935; x_wconf 89' lang='lat' dir='ltr'><strong>demonstravit</strong></span> <span class='ocrx_word' id='word_1_448' title='bbox 764 4876 912 4952; x_wconf 90' lang='lat' dir='ltr'><strong>quomodo</strong></span> <span class='ocrx_word' id='word_1_449' title='bbox 938 4874 1092 4950; x_wconf 90' lang='lat' dir='ltr'><strong>inscriptio</strong></span> <span class='ocrx_word' id='word_1_450' title='bbox 1120 4893 1156 4930; x_wconf 89' lang='lat' dir='ltr'><strong>ea</strong></span> <span class='ocrx_word' id='word_1_451' title='bbox 1183 4892 1249 4932; x_wconf 90' lang='lat' dir='ltr'><strong>cum</strong></span> <span class='ocrx_word' id='word_1_452' title='bbox 1272 4873 1355 4933; x_wconf 85' lang='lat' dir='ltr'><strong>lastis</strong></span> <span class='ocrx_word' id='word_1_453' title='bbox 1376 4883 1456 4934; x_wconf 88' lang='lat' dir='ltr'><strong>recte</strong></span> <span class='ocrx_word' id='word_1_454' title='bbox 1479 4875 1661 4934; x_wconf 89' lang='lat' dir='ltr'><strong>concilietur.</strong></span> 
     </span>
    </p>
   </div>
   <div class='ocr_carea' id='block_1_3' title="bbox 0 0 1818 5968">
    <p class='ocr_par' dir='ltr' id='par_1_5' title="bbox 0 0 1818 5968">
     <span class='ocr_line' id='line_1_43' title="bbox 0 0 1818 5968; baseline 0 0"><span class='ocrx_word' id='word_1_455' title='bbox 0 0 1818 5968; x_wconf 95' lang='lat' dir='ltr'><strong> </strong></span> 
     </span>
    </p>
   </div>
  </div>
 </body>
</html>
