3640 5976
487 653 784 708 OBSERVATIONES
801 653 1086 708 EPIGRAPHICAE.

529 846 995 891 u·rusu1urvs·u·r·suu

631 943 987 995 reinero-timus

460 1108 463 1114 Δ
525 1051 996 1120 7-18118888181188το

526 1153 931 1201 uectus-ss·u·susuo
949 1153 1022 1196 ·uut

526 1259 716 1302 88818·κικ
736 1273 743 1287 ·
767 1260 798 1300 uu
818 1272 824 1286 ·
844 1256 1002 1301 rescsrnro

526 1362 566 1403 vr
578 1377 585 1390 ·
598 1361 703 1404 esser·
717 1361 748 1403 uu
762 1375 768 1389 ·
782 1361 877 1403 suurv
890 1373 896 1388 ·
909 1359 1038 1403 ruitouv

526 1463 620 1508 sistro
633 1479 639 1492 ·
650 1464 688 1507 ss
700 1477 707 1492 ·
721 1463 843 1507 uostris
855 1477 862 1491 ·
875 1464 905 1505 nr
919 1476 926 1490 ·
939 1461 1036 1504 rvoru

525 1566 718 1611 occisus
743 1582 749 1597 ·
774 1565 894 1608 vrxrr
920 1580 926 1593 ·
952 1565 1016 1606 rus

693 1669 788 1712 sunus
804 1683 810 1698 ·
826 1669 863 1712 xe

712 1773 755 1814 8·
772 1771 787 1814 s
804 1770 842 1812 ·e
939 1824 942 1830 Ι

202 1857 242 1916 Μ.
264 1855 400 1932 Silanus,
433 1860 469 1918 de
499 1878 559 1936 quo
592 1859 723 1938 diximus
752 1858 783 1916 in
809 1857 867 1916 huc
894 1857 961 1935 eph.
985 1857 1072 1916 vohl
1102 1878 1131 1936 p.
1149 1857 1199 1931 61,
1226 1859 1360 1919 Africam
1387 1877 1442 1936 pro

116 1960 240 2019 consule
261 1961 341 2019 rexit
361 1981 388 2019 8.
404 1979 433 2037 p.
447 1959 481 2020 C.
495 1960 626 2022 33-38
650 1960 769 2020 ultimus
792 1959 1038 2036 eornm,''quibus
1061 1960 1140 2038 legio
1161 1969 1287 2038 pareret.
1319 1961 1441 2037 1181ςί-

115 2069 165 2118 tur
191 2067 324 2139 tempore
350 2063 519 2140 proconsuli
547 2064 592 2121 vel
621 2063 669 2122 ius
696 2063 751 2120 fuit
777 2062 902 2120 dilectus
933 2062 1050 2136 inusuu
1082 2062 1236 2139 provincia
1266 2063 1442 2122 instituendi

115 2161 254 2236 (militem
284 2164 397 2242 origine
419 2164 700 2244 Karthaginiensem
729 2163 822 2223 fuisse
851 2165 939 2222 etism
968 2165 1063 2223 tribus
1091 2165 1252 2242 ostendit),
1282 2173 1314 2224 nt
1340 2165 1386 2225 ius
1412 2167 1440 2223 ei

115 2266 212 2324 fuisse
235 2267 378 2326 donorum
400 2267 571 2326 militarium
594 2267 815 2328 tribuendorum
832 2275 967 2325 auctores
983 2267 1164 2344 scribunt1).
1199 2266 1261 2327 Sed
1274 2287 1339 2326 cum
1355 2267 1440 2325 miles

114 2370 148 2428 in
169 2369 318 2445 praesidio
345 2369 440 2429 saltus
462 2370 681 2430 Philomusisni
709 2369 810 2446 (quem
833 2369 975 2429 Tissotus
1003 2370 1118 2428 iudicat
1142 2369 1233 2429 inisse
1260 2389 1278 2428 8
1299 2368 1439 2430 Simitthu

113 2471 135 2527 4
148 2470 277 2530 chiliom.
290 2469 476 2530 Thabracnm
489 2473 607 2549 versus)
622 2493 676 2550 per
690 2491 786 2531 88888
803 2472 982 2550 undeviginti
998 2473 1192 2549 permanserit
1206 2472 1321 2531 occisus
1333 2471 1440 2531 deinde

112 2574 258 2632 extremis
280 2575 367 2634 annis
382 2572 501 2634 Olsndii
516 2575 659 2652 primisre
674 2573 815 2647 Neronis,
834 2575 912 2634 idem
928 2575 1030 2634 titulus
1046 2577 1201 2634 confirmat
1220 2574 1299 2652 quod
1319 2574 1439 2633 aliunde

112 2693 270 2748 norimus,
292 2676 339 2735 vel
361 2686 430 2754 post
451 2697 477 2735 8
499 2677 537 2737 38
564 2678 736 2756 proconsuli
764 2678 874 2738 milites
900 2678 1045 2754 quosdam
1072 2679 1235 2751 mansisse,
1268 2677 1304 2737 de
1329 2677 1438 2754 quibus

113 2777 294 2854 disponeret.

144 3176 371 3272 XXXIII.
411 3179 681 3275 TITVLVS
700 3179 992 3276 VENETVS
1017 3177 1419 3322 VINDICATVS.

198 3369 319 3431 Erroris
341 3372 491 3431 confessio
513 3391 579 3431 cum
602 3391 660 3431 non
684 3372 848 3432 differenda
862 3373 910 3445 sit,
932 3373 1029 3450 primu
1042 3389 1119 3449 quse
1140 3371 1213 3430 mihi
1236 3371 1359 3430 offertur
1372 3381 1439 3430 ntar

111 3473 273 3532 occasione
300 3473 377 3532 tituli
401 3475 568 3534 vindicandi
594 3476 673 3534 inter
697 3475 790 3534 falsos
812 3475 973 3535 voluminis
1002 3474 1097 3552 quinti
1124 3473 1259 3551 syllegae
1287 3473 1438 3532 88181118-

111 3576 193 3634 iuris
214 3585 244 3633 81
264 3576 393 3636 tortasse
416 3579 504 3636 etism
526 3577 639 3636 incutis
660 3584 771 3636 nostra.

199 3677 347 3740 Sertorius
360 3679 490 3738 Urseius
502 3678 666 3740 Patruinus
688 3681 717 3738 io
734 3679 873 3738 schedam
889 3700 915 3739 8.
932 3679 1009 3738 1674
1033 3679 1174 3756 scriptum
1189 3677 1304 3737 titulum
1326 3679 1439 3736 rettulit

110 3789 274 3859 repertum,
287 3791 318 3842 nt
332 3783 384 3854 sit,
406 3782 507 3858 paullo
529 3792 597 3841 8818
608 3783 743 3842 Venetiis
766 3783 1014 3858 adservstnmque
1036 3781 1077 3840 ibi
1098 3782 1128 3839 in
1147 3780 1236 3839 domo
1250 3779 1367 3840 Nieolsi
1378 3780 1436 3838 Ve-

110 3884 190 3944 nieri
218 3884 255 3943 od
284 3881 315 3944 S.
332 3885 470 3955 Antonii,
503 3885 554 3960 qni
581 3885 686 3944 titulus
713 3884 818 3944 deinde
844 3884 956 3961 prodiit
980 3903 1006 3942 8.
1026 3882 1104 3942 1719
1131 3882 1162 3941 18
1189 3882 1320 3942 eiusdem
1347 3901 1437 3958 opere

109 3996 253 4064 postumo
279 3991 381 4046 188188·
405 3987 509 4044 888118·
533 4006 562 4063 p.
583 3987 658 4059 276,
690 3987 834 4064 repetitus
860 3987 928 4046 inde
955 3985 1035 4062 apud
1061 3985 1255 4044 Murstorium
1285 3985 1383 4056 670,1
1407 3994 1438 4044 81

110 4099 148 4146 81
169 4088 230 4146 dixi
253 4089 283 4148 in
300 4088 393 4148 vol.V
409 4089 545 4166 syllegae
567 4099 688 4148 nostrae
710 4088 844 4160 n.136*‚
870 4107 966 4165 neque
988 4089 1065 4147 enim
1088 4088 1244 4165 quisquam
1266 4103 1373 4163 postes
1392 4086 1435 4144 ls-

108 4190 212 4267 pidem
228 4191 310 4250 vidit.
338 4190 464 4250 Falsum
487 4191 627 4250 dixerunt
641 4192 786 4250 Merinius
802 4194 875 4250 Aru.
893 4192 999 4268 pasl.
1013 4190 1083 4262 787,
1104 4189 1249 4262 Orellius‚
1263 4187 1436 4260 Hennenus,

108 4310 209 4369 neque
235 4312 290 4369 ego
317 4293 403 4352 aliter
428 4292 570 4364 indicavi,
603 4293 661 4352 nisi
688 4293 768 4370 qnod
798 4301 920 4370 propter
945 4293 1090 4370 originem
1118 4303 1196 4352 recte
1223 4292 1436 4351 1881818886-

109 4395 220 4472 scripsi
241 4395 272 4452 in
293 4395 393 4471 lapide
415 4396 533 4454 titulum
555 4396 693 4454 extitisse
715 4395 817 4454 videri.
855 4397 895 4454 At
916 4415 1009 4473 nuper
1023 4395 1157 4454 Venetus
1178 4393 1359 4454 Laurentius
1383 4392 1435 4455 Se·

106 4515 185 4576 guse
213 4495 397 4574 (inquirere),
429 4497 499 4556 dum
532 4498 722 4557 fundamento
748 4497 853 4556 domus
885 4497 1038 4557 cuiusdam
1066 4498 1146 4568 iecit,
1178 4498 1276 4557 denuo
1304 4497 1436 4576 repperit

105 4609 226 4680 psrtcm
251 4598 382 4658 eiusdem
405 4599 514 4674 lapidis
536 4601 677 4660 maiorem
698 4601 879 4660 inferiorem.
928 4598 1048 4660 Tabula
1068 4609 1115 4659 est
1135 4601 1293 4660 marmoris
1315 4599 1434 4672 Gracci,

108 4701 175 4762 8118
199 4721 238 4759 m.
259 4703 339 4774 0.45,
372 4701 434 4759 1818
458 4720 497 4760 m.
518 4699 603 4772 0323
637 4703 785 4762 clemente
811 4703 854 4763 ita
879 4702 942 4762 iere
968 4704 1097 4762 formate
1124 4712 1194 4762 sunt
1219 4711 1251 4764 ut
1276 4710 1435 4762 cernuntur

107 4805 142 4862 in
169 4803 265 4862 titolis
286 4802 373 4880 pictis
394 4803 596 4879 Pompeianis.
632 4805 800 4864 Ediderunt
822 4803 938 4882 Seguso
959 4805 1023 4882 ipse
1045 4805 1075 4864 in
1097 4806 1164 4880 eph.
1183 4803 1318 4864 Gozzettu
1337 4804 1434 4864 (11118-

108 4909 192 4964 88818
215 4904 253 4963 86
276 4904 332 4966 Iui.
350 4905 439 4976 1880,
455 4907 525 4964 item
549 4904 736 4966 Cecchettius
758 4917 788 4966 et
808 4906 973 4966 Lucisnius
995 4906 1074 4984 apud
1088 4906 1261 4967 Fioreilium
1276 4906 1342 4966 Not.
1358 4906 1436 4982 deplt

108 5013 192 5068 soant
216 5007 295 5067 1880
316 5026 345 5084 p.
362 5005 421 5065 243
446 5017 475 5066 81
495 5008 595 5086 lepide
616 5025 791 5086 expressum
814 5009 837 5068 1.
852 5008 888 5069 B.
903 5009 1032 5069 Rossius
1046 5009 1126 5068 Bull.
1149 5011 1180 5068 di
1201 5009 1280 5069 aret.
1296 5011 1435 5066 87111888

111 5109 194 5170 1880
216 5111 274 5170 tsh.
290 5110 338 5168 IX
353 5110 566 5170 commentario
588 5131 647 5170 non
668 5111 793 5186 adiecto,
816 5112 869 5170 sed
890 5112 1050 5188 promisso.
1084 5111 1157 5170 Mihi
1173 5111 1246 5170 Otto
1261 5110 1434 5170 Hirschfeld

110 5249 315 5258 .----—-.-·--—

189 5343 212 5408 ¹)
238 5345 344 5396 Tacitus
363 5359 421 5396 888.
437 5347 462 5408 8,
478 5349 521 5398 81.
554 5347 692 5398 Suetonius
711 5347 828 5397 Tibur.
862 5343 1021 5397 Stautsrerlrt
1040 5345 1141 5410 8255.
