3770 5970
384 565 432 635 26
824 581 1097 632 ADDITAMENTA
1125 580 1208 632 VOL.
1228 579 1272 630 III
1681 579 1717 628 34

383 759 567 835 (quanquam
594 755 695 814 Miller
723 755 801 814 male
831 755 924 814 edidit
946 753 1095 830 irsoum),
1125 754 1250 812 alterum
1277 752 1449 830 exemplum
1476 769 1536 809 non
1565 751 1634 809 novi
1662 770 1717 809 uec

381 869 482 938 potest
502 858 641 918 excusari
664 857 723 916 nisi
747 877 782 916 eo
804 857 886 934 quod
909 856 1013 916 titulus
1036 856 1165 932 scriptus
1188 863 1234 916 est
1255 855 1286 913 in
1305 858 1429 931 regione
1450 853 1555 912 usibus
1569 853 1716 912 Romanis

379 979 486 1039 parum
513 961 648 1019 adsueto.
674 993 715 1003 —
741 951 918 1030 Banrhbonc
943 948 990 1016 κα1
1015 949 1164 1022 βασιλέως
1189 947 1413 1040 προσταξάντων
1439 943 1501 1012 cirri
1523 956 1573 1026 τῆς
1594 977 1717 1038 προανα·

379 1052 503 1133 κειμένης
529 1053 590 1144 nspi
616 1062 667 1132 τῆς
693 1052 862 1123 ἀναθέσεως
889 1062 939 1131 τῆς
965 1061 1134 1145 προσευχῆς
1160 1053 1271 1120 πλακδς
1296 1055 1313 1129 ἦ
1342 1047 1576 1142 ὑπογιγραμμένη
1598 1055 1717 1141 ἐπιγρα-

380 1155 474 1240 φηςι.

584 1261 725 1328 Βασιλεύς
746 1267 919 1334 Πτολομαῖος
941 1256 1098 1349 Εὐεργέτης
1119 1259 1169 1336 τὴν
1191 1259 1357 1348 προσευχὴν
1380 1251 1499 1321 ἄσυλον.
1608 1343 1613 1352 ¹

381 1369 494 1444 Rapina
516 1379 541 1426 et
562 1387 611 1428 reu
633 1367 814 1444 iusser(un)t.
832 1402 869 1411 -
888 1367 1019 1442 Quinam
1047 1368 1085 1426 sit
1111 1369 1162 1444 qui
1189 1367 1364 1426 auctoribus
1390 1359 1494 1442 re'gina
1519 1375 1549 1424 et
1573 1383 1644 1442 rege
1670 1371 1715 1423 ta-

379 1471 479 1529 bulam
509 1471 599 1530 scribi
626 1472 728 1531 iubeat
754 1470 836 1546 (uam
867 1472 911 1529 ita
937 1461 1122 1552 εἰτιγραφήτω
1155 1467 1357 1546 acripiendum
1388 1485 1458 1528 esse
1488 1475 1569 1527 recte
1601 1470 1716 1526 monuit

378 1572 553 1648 Burmann),
569 1592 607 1632 ex
623 1573 711 1632 titulo
726 1591 786 1631 non
801 1582 933 1650 apparet.
957 1572 1122 1648 Euergetes
1134 1573 1185 1647 qui
1202 1571 1420 1629 dedicationem
1434 1570 1507 1630 fecit
1519 1579 1616 1629 utrum
1632 1569 1715 1645 prior

378 1676 417 1733 sir
440 1675 522 1751 (ante
537 1672 609 1734 chr.
627 1673 726 1732 247-
736 1673 810 1749 222)
837 1693 874 1732 an
903 1675 1049 1732 secundus
1077 1673 1161 1749 (ante
1177 1671 1249 1731 Chr.
1268 1672 1465 1748 146-117),
1491 1681 1572 1732 certa
1598 1671 1715 1729 ratione

378 1776 568 1836 determinari
591 1795 649 1835 nnn
672 1785 780 1853 potest,
804 1794 985 1853 quamquam
1008 1775 1104 1852 magis
1126 1783 1175 1834 est
1196 1785 1229 1833 ut
1251 1775 1299 1832 hic
1320 1774 1520 1853 intellegatur.
1558 1765 1713 1854 Προσεοχν)

378 1865 489 1939 ἄσυλος
515 1898 576 1937 non
602 1887 702 1956 potest
727 1895 794 1937 esse
820 1879 878 1936 nisi
900 1879 1064 1936 oratorium
1086 1877 1261 1936 Iudaeorum
1283 1884 1385 1934 notum
1406 1895 1445 1934 ex
1467 1875 1541 1934 actis
1562 1875 1715 1951 apostolo·

377 1999 442 2038 rum
470 1979 535 2057 (16,
551 1981 601 2038 13:
624 1981 661 2056 τῇ
681 2003 712 2036 τι
733 1970 820 2062 ἡμέρᾳ
843 1983 894 2037 τῶν
916 1970 1088 2045 σαββάτων
1110 1970 1274 2058 ἐξήλθομεν
1296 1969 1353 2060 ἔξω
1376 1979 1426 2042 τιῖς
1447 1967 1539 2048 πύλης
1560 1971 1639 2058 erapri
1661 1999 1716 2034 πο·

377 2071 476 2148 ταμὸν,
503 2068 536 2138 eri
557 2074 714 2152 ἐνομῖζομεν
735 2075 902 2165 προσευχὴν
923 2071 1005 2157 εἶναι)
1034 2093 1064 2141 et
1086 2080 1224 2140 quenali
1250 2081 1302 2155 (3,
1323 2081 1396 2139 296:
1424 2085 1455 2138 in
1480 2098 1537 2156 qua
1559 2089 1585 2138 te
1607 2098 1715 2156 quaero

373 2184 554 2259 presencia?
593 2204 660 2242 cum
694 2184 801 2242 schol:
837 2185 997 2260 proseucha
1032 2184 1109 2242 locus
1144 2184 1318 2241 Indaeorum
1350 2185 1398 2242 ubi
1431 2183 1548 2258 orant),
1582 2182 1715 2241 maxime

377 2305 447 2344 vero
470 2305 509 2344 ex
524 2286 653 2344 Philone
675 2285 726 2360 (cf.
749 2290 780 2344 in
796 2285 821 2343 F
823 2285 896 2344 laco.
915 2286 947 2345 6:
970 2278 1079 2344 siuc'uuc
1101 2282 1128 2340 ἔν
1149 2286 1212 2346 ταῖς
1230 2286 1410 2366 προσευχαῖς
1424 2274 1592 2342 ἀνατιθέναι
1614 2282 1715 2360 ebal.)

376 2395 406 2445 et
435 2388 502 2464 ipso
524 2387 741 2446 Alexandrino.
762 2421 800 2430 —
828 2390 940 2464 Rapina
962 2397 987 2445 et
1009 2405 1058 2444 rea
1083 2406 1149 2445 cum
1176 2395 1299 2465 propter
1320 2388 1433 2458 locum,
1460 2404 1519 2463 quo
1542 2387 1644 2445 titulus
1667 2387 1715 2444 in-

376 2503 481 2548 ventus
508 2498 567 2560 est,
594 2499 743 2566 nequeant
770 2508 838 2549 esse
860 2491 955 2566 reguli
983 2489 1082 2548 nescio
1109 2490 1158 2566 qui
1183 2489 1370 2566 Aethiopici,
1397 2497 1480 2548 aetas
1507 2499 1604 2548 antem
1633 2487 1715 2546 tituli

377 2591 530 2650 evidenter
557 2592 597 2650 sit
623 2591 752 2650 labentis
780 2592 896 2669 imperii
920 2591 1061 2663 Romani,
1089 2594 1153 2648 siue
1180 2591 1270 2650 dnbio
1300 2600 1370 2649 sunt
1391 2591 1525 2650 Zenobia
1550 2601 1580 2648 et
1603 2589 1715 2648 Vabal-

375 2691 486 2764 latbus‚
509 2711 635 2769 quorum
657 2694 712 2752 illa
732 2685 900 2758 βασίλισσα
922 2692 1093 2770 appellatur
1115 2693 1144 2750 iu
1169 2693 1256 2750 titulo
1276 2692 1456 2768 Palmyreno
1479 2713 1507 2751 u.
1520 2692 1600 2751 2611
1623 2691 1713 2750 Wad-

375 2794 533 2872 dingtonii‚
556 2795 604 2853 hio
625 2795 655 2852 iu
678 2797 807 2855 nummis
827 2796 935 2854 dicitur
949 2795 1020 2872 u(ir)
1037 2793 1227 2870 manselaria)
1242 2793 1321 2870 r(ec)
1335 2793 1521 2870 inormior)
1537 2795 1583 2869 d(,
1611 2792 1714 2870 )R(o·

376 2896 552 2971 manorum),
580 2909 613 2955 ut
635 2898 762 2975 exposui
783 2899 814 2956 in
837 2896 944 2958 Salleti
967 2897 1156 2975 ephemeride
1177 2897 1388 2955 numismatica
1409 2897 1503 2955 volb
1525 2915 1554 2972 p.
1572 2895 1631 2955 229
1644 2914 1713 2974 seq.

374 2997 454 3055 Nam
482 2999 524 3056 ite
545 2999 715 3076 explicatur
736 3009 766 3058 et
787 2999 898 3076 duplex
919 2999 1023 3076 lingua
1044 2999 1123 3056 tituli
1146 2991 1175 3056 et
1197 3007 1291 3056 meter
1312 2998 1375 3055 filio
1397 2999 1581 3074 praeposita,
1604 3016 1716 3056 conre-

375 3099 518 3176 niuntque
545 3107 664 3177 tempus
687 3111 717 3160 et
738 3102 830 3160 locus.
874 3101 1015 3177 Denique
1037 3100 1140 3159 titulus
1163 3100 1301 3158 inventus
1322 3100 1393 3158 item
1416 3101 1447 3158 in
1469 3101 1610 3178 Aegypto
1631 3101 1716 3160 ultra

373 3202 497 3260 Meroen
524 3201 598 3278 (vol.
615 3202 659 3260 lll
681 3223 709 3260 n.
729 3203 796 3280 83):
824 3204 899 3263 bona
915 3206 1038 3278 fortune
1065 3204 1196 3260 dontinae
1222 3205 1338 3276 rapinae
1359 3205 1389 3260 in
1411 3205 1511 3262 maltos
1533 3223 1623 3262 aanor
1638 3204 1712 3278 seli·

373 3306 460 3361 citeri
499 3303 580 3362 Venit
601 3323 615 3363 e
638 3305 705 3364 urbe
725 3324 817 3364 mense
838 3305 910 3381 Apr.
936 3306 981 3362 die
1002 3305 1069 3363 XV
1086 3303 1194 3380 vidui)
1219 3304 1334 3363 Tacitus
1356 3304 1516 3364 videndum
1539 3315 1598 3376 est,
1620 3325 1656 3364 ue
1680 3315 1715 3365 et

372 3406 439 3482 ipse
466 3404 503 3462 ad
526 3405 687 3466 Zenobiam
711 3407 872 3483 pertineat,
898 3411 961 3466 sire
983 3407 1053 3465 urbs
1076 3405 1174 3464 Roma
1195 3405 1376 3482 intellegitur
1398 3406 1462 3465 sive
1484 3407 1714 3466 Alexandream

374 3507 416 3565 ita
438 3508 578 3566 scribenti
601 3509 754 3585 appellare
777 3509 897 3586 placuit.

373 3714 421 3775 34
449 3716 659 3776 Alexandreae
681 3737 744 3795 rep.
769 3718 889 3778 201un.
913 3719 1046 3778 1877111
1073 3719 1169 3778 altero
1191 3717 1390 3777 obeliscorum
1414 3728 1551 3778 uotorum
1578 3721 1633 3779 sub
1654 3739 1713 3779 no-

415 3817 493 3876 mine
514 3837 620 3877 acuum
637 3818 825 3896 Cleopatrae,
848 3821 937 3880 hodie
959 3822 1059 3880 ableto
1081 3822 1151 3879 inde
1172 3821 1203 3878 in
1218 3819 1413 3880 Britanniam.
1450 3817 1650 3898 Umidaque,
1673 3825 1714 3883 de

413 3921 453 3977 20
472 3922 570 3977 mineo
598 3931 624 3978 et
650 3922 724 3980 demi
749 3925 934 4000 d-penprls
960 3925 994 3981 de
1022 3923 1151 3992 hauteur,
1178 3940 1208 3980 ss
1234 3926 1359 3981 trouvait
1384 3934 1499 3982 soutenu
1520 3944 1582 4000 par
1607 3935 1714 4000 quatre

414 4031 549 4097 supporta
577 4026 628 4098 qut
654 4029 814 4100 reposcient
839 4043 891 4083 sur
915 4044 955 4082 un
982 4025 1044 4082 dioc
1070 4027 1104 4082 de
1127 4027 1280 4100 praecide
1304 4025 1438 4084 2rnetres
1459 4026 1493 4083 de
1515 4027 1635 4085 hauteur
1655 4048 1713 4087 sur

415 4122 549 4182 snam
574 4127 613 4182 87
629 4127 799 4184 οιατὶωὲαοο
827 4128 862 4184 de
890 4126 1005 4201 larpeur
1033 4138 1059 4186 et
1085 4131 1134 4203 qui
1160 4132 1288 4202 reposuit
1315 4128 1465 4185 lui-meme
1490 4147 1542 4186 sur
1566 4148 1620 4187 une
1641 4149 1711 4188 con—

413 4227 551 4282 struction
579 4226 612 4282 de
639 4232 708 4284 troia
734 4230 865 4302 prodens.
909 4229 971 4287 Dea
999 4239 1114 4303 quatrea
1142 4238 1277 4304 supporta
1304 4233 1367 4305 qai,
1395 4231 1415 4286 ὰ
1442 4248 1474 4286 ιιι
1494 4232 1583 4305 juqer
1600 4249 1659 4306 par
1682 4233 1714 4291 le

413 4327 476 4383 seul
497 4336 619 4397 restent,
647 4330 749 4387 etaient
771 4349 804 4387 en
825 4331 919 4400 ιιιέιοὶ,
943 4334 1012 4390 trois
1030 4333 1228 4405 poroissaient
1250 4335 1331 4388 avoir
1352 4332 1394 4390 e'te'
1415 4331 1536 4401 enlevda,
1558 4335 1714 4408 peut-stre

414 4446 480 4486 sous
503 4427 534 4484 ln
555 4429 728 4489 deminution
751 4432 838 4490 arabe
843 4453 855 4500 ,-
877 4451 913 4490 on
935 4433 974 4490 les
997 4437 1076 4489 auoit
1097 4432 1252 4508 remplacele
1274 4435 1293 4489 d
1316 4435 1346 4490 la
1369 4433 1434 4491 nnn
1450 4452 1511 4508 par
1532 4435 1580 4491 des
1594 4437 1712 4509 pierres

415 4531 594 4600 ordinariam
617 4531 642 4589 le
664 4535 817 4609 quatriime
839 4543 961 4610 support
982 4551 1048 4592 roua
1071 4533 1177 4609 l'nnqle
1194 4531 1225 4591 S.
1244 4533 1277 4592 S.
1296 4533 1330 4592 O.
1354 4535 1388 4593 de
1410 4534 1580 4611 l’obdlr'sque,
1603 4536 1628 4592 le
1646 4539 1716 4596 seul

412 4630 497 4707 qu'on
523 4630 573 4688 n’a
596 4652 655 4708 pas
678 4655 722 4710 pu
748 4654 786 4694 ou
811 4635 894 4712 qu'on
919 4635 969 4695 ιιό
995 4655 1051 4711 pas
1078 4637 1127 4694 ord
1152 4635 1269 4706 enleuer,
1298 4637 1333 4694 de
1355 4655 1431 4713 peur
1457 4638 1492 4696 de
1517 4640 1580 4695 noir
1603 4640 1713 4698 tumber

415 4733 445 4791 la
466 4753 560 4793 masse
581 4734 691 4793 enorme
713 4737 752 4794 du
774 4737 935 4808 monolitbe,
965 4749 1006 4797 est
1028 4738 1159 4796 d’ancien
1182 4743 1284 4797 cature.
1329 4739 1360 4796 Il
1380 4741 1539 4815 representa
1560 4759 1599 4798 un
1621 4740 1712 4800 crabe

412 4838 515 4895 οοιιολέ
542 4855 593 4896 sur
620 4837 645 4896 le
672 4837 734 4896 bloo
763 4839 797 4896 de
820 4843 933 4914 prurit,
963 4850 989 4899 et
1010 4850 1129 4916 portant
1155 4857 1208 4898 sur
1236 4842 1262 4900 le
1289 4842 1340 4900 doe
1367 4859 1421 4900 une
1447 4842 1548 4901 tracte
1574 4861 1611 4900 οιι
1635 4861 1711 4917 pros

412 4937 488 5009 elon,
519 4943 568 5014 qui
597 4949 674 4998 entre
705 4941 884 4999 asc-deasous
914 4943 948 4999 de
982 4942 1012 5001 1ο
1045 4961 1130 5000 carne
1161 4943 1200 5000 du
1233 4943 1399 5014 monolitlte5
1433 4943 1472 5002 les
1506 4947 1576 5003 trois
1608 4954 1712 5005 autres

411 5050 557 5114 supporta,
581 5041 646 5113 dejn
668 5041 775 5100 enleuda
799 5052 824 5100 et
844 5043 1055 5119 ne'pb'qernrneni
1076 5045 1232 5120 remplace's
1251 5063 1312 5120 par
1334 5047 1382 5104 der
1400 5049 1511 5120 pierres
1534 5048 1711 5122 ordinairee,

411 5141 542 5198 munient
571 5143 626 5200 Atre
654 5143 688 5198 de
715 5142 745 5201 1ο
772 5145 856 5202 ιιιέιιιι
875 5148 972 5220 forme
999 5155 1024 5204 et
1050 5147 1084 5204 de
1111 5145 1140 5202 la
1166 5147 1252 5204 meana
1280 5150 1411 5216 νιοιίὲνος
1433 5147 1533 5223 placeb
1555 5166 1613 5205 auc
1635 5153 1710 5209 troie

413 5251 508 5300 autres
536 5246 625 5313 coine,
652 5243 690 5302 ils
717 5249 899 5318 eoutmar'ent,
926 5265 994 5306 auec
1023 5247 1048 5306 le
1074 5249 1238 5322 querneae,
1265 5247 1437 5324 l'obelisque,
1462 5267 1531 5309 οοιιι
1555 5251 1579 5308 1ο
1602 5251 1712 5310 loiseer
