3654 5990
815 1383 1322 1468 ADDlTAMENTORVM

686 1555 755 1630 An
788 1553 1025 1631 conponis
1052 1553 1162 1629 von.
1177 1553 1239 1628 vr.
1271 1552 1449 1628 Plani

588 1685 591 1690 ’
867 1711 1273 1787 svreunununvu.

407 2033 504 2177 Ad
529 2114 623 2173 fastos
651 2114 799 2173 sodalium
823 2113 1036 2189 Augustalium
1059 2111 1259 2172 Claudialium
1288 2115 1347 2172 vol.
1361 2114 1405 2172 VI
1431 2133 1460 2192 p.
1481 2114 1542 2173 446
1569 2113 1719 2172 addendum

408 2225 455 2275 est
475 2217 674 2295 fragmentum
702 2215 820 2274 tabulae
847 2233 1030 2274 marmoreae
1055 2225 1204 2293 repertum
1229 2217 1306 2274 inter
1333 2216 1476 2275 macerias
1504 2224 1621 2274 veteres
1644 2233 1720 2291 prope

409 2317 440 2379 S.
463 2319 606 2378 Iohannis
627 2317 779 2390 Laterani,
806 2317 885 2392 quod
907 2325 991 2376 extat
1012 2321 1042 2376 in
1064 2336 1168 2376 museo
1191 2317 1388 2376 Kirclreriano
1411 2318 1604 2395 amplificato.

587 2521 703 2563 areima
724 2521 834 2563 commodo
855 2529 907 2562 aero
928 2531 973 2562 aaa.
993 2522 1089 2562 aetutm
1110 2521 1164 2562 eicis
1220 2517 1234 2532 ““
1265 2521 1376 2563 meelate
1419 2532 1454 2562 coa
1552 2545 1625 2584 ,¹135

1190 2623 1227 2666 ts
1254 2638 1261 2652 ·
1304 2615 1336 2665 iri

1116 2727 1213 2768 «mesu
1253 2739 1261 2752 ·
1300 2717 1342 2767 l'lll

1554 3064 1573 3090 fl.

1254 2819 1392 2870 -u‘11:

411 3711 583 3788 Descripsit
603 3710 728 3770 Henzen
750 3719 780 3769 et
801 3711 893 3770 edidit
913 3711 945 3769 in
967 3711 1036 3770 dull.
1059 3709 1125 3768 dell’
1146 3712 1211 3770 inat.
1237 3710 1312 3768 1871
1337 3731 1366 3788 p.
1386 3711 1455 3770 150.

453 3813 565 3873 Festos
590 3815 647 3872 hos
673 3809 820 3890 spectare
836 3812 875 3871 ad
901 3811 1059 3890 collegium
1086 3812 1209 3889 aliquod
1235 3813 1388 3871 adnotavit
1413 3813 1592 3873 Henzenus:
1624 3813 1719 3872 cuinam

413 3915 593 3975 attribuendi
616 3915 676 3974 sint
697 3915 799 3992 aliqua
823 3931 889 3974 cum
911 3915 1119 3992 probabilitate
1142 3933 1355 3992 cognoscemus
1383 3915 1409 3973 si
1436 3916 1509 3990 quid
1534 3915 1572 3974 de
1598 3912 1721 3974 institutis

411 4019 474 4077 eius
499 4038 537 4076 ex
562 4018 728 4094 fragmento
753 4017 810 4074 hoc
836 4017 914 4075 effici
942 4018 1039 4094 possit
1064 4018 1168 4092 paucis
1195 4017 1450 4094 perpenderimus.
1493 4017 1628 4078 Primum
1652 4016 1721 4093 igitur

411 4123 469 4180 hoc
483 4120 640 4196 collegium
657 4119 849 4178 constitutum
864 4136 931 4177 esse
947 4139 973 4178 a.
988 4139 1017 4194 p.
1030 4117 1102 4178 Chr.
1118 4121 1155 4177 14
1171 4128 1222 4178 aut
1239 4121 1275 4178 15
1299 4119 1367 4177 inde
1389 4118 1526 4191 allicitur,
1548 4121 1630 4198 qnod
1646 4133 1720 4178 annus

410 4243 441 4302 p.
454 4220 525 4282 Chr.
540 4221 596 4280 137
614 4221 730 4296 collegii
745 4221 802 4279 fuit
817 4221 996 4280 centesimus
1015 4221 1261 4298 quadragesimus
1281 4222 1386 4280 tertius
1402 4231 1453 4279 aut
1468 4231 1610 4297 quartus3
1633 4223 1666 4280 ad
1682 4237 1720 4276 an·

412 4343 469 4384 nos
484 4325 572 4396 enim,
588 4343 646 4383 non
661 4324 700 4382 ad
714 4323 809 4382 lustra
822 4323 995 4382 referendos
1010 4340 1076 4382 esse
1090 4341 1229 4384 numeros
1246 4343 1273 4382 v.
1286 4325 1314 4382 5.
1330 4324 1367 4382 10
1382 4323 1571 4386 manifestum
1585 4335 1642 4395 est,
1656 4337 1721 4399 prae

413 4427 537 4504 scriptio
559 4437 657 4485 autern
678 4434 775 4484 uuum
798 4443 865 4484 cum
888 4426 1083 4501 praecedente
1106 4445 1143 4484 an
1165 4445 1230 4484 cum
1253 4434 1396 4502 sequente
1418 4427 1575 4486 consulatu
1597 4421 1722 4502 iungenda

414 4529 462 4600 sit,
485 4528 585 4586 statim
606 4528 783 4586 videbimus.
806 4560 847 4570 —
868 4528 917 4585 Ad
933 4549 1087 4587 numerum
1110 4528 1317 4604 magistrorum
1340 4529 1419 4604 quod
1441 4530 1557 4600 attinet,
1581 4524 1720 4604 primunt
1748 4580 1751 4590 .

413 4640 479 4689 tutu
502 4630 623 4729 dubium
646 4629 738 4689 videri
759 4631 867 4706 possit,
893 4639 991 4689 utrum
1021 4641 1080 4689 tres
1108 4631 1210 4706 scripti
1237 4631 1347 4689 fuerint
1373 4651 1410 4694 an
1439 4649 1508 4704 sex,
1535 4632 1577 4690 ita
1607 4641 1640 4688 ut
1663 4626 1720 4687 binis

413 4733 531 4811 paginis
552 4733 628 4789 terni
650 4739 887 4791 recenserentur:
916 4741 946 4790 et
974 4751 1047 4791 sane
1071 4753 1130 4791 non
1156 4751 1252 4809 pauca
1278 4733 1383 4820 deesse
1409 4751 1428 4790 a
1453 4741 1538 4809 parte
1565 4733 1650 4794 laeva
1671 4727 1720 4787 inde

413 4835 554 4905 efficitur,
584 4833 664 4909 quod
688 4834 810 4894 nomina
835 4835 989 4894 consulum
1016 4835 1102 4912 plene
1127 4835 1295 4912 perscripta
1321 4834 1414 4894 fuisse
1436 4835 1585 4894 videntur.
1628 4835 1720 4892 Tmen

414 4937 582 5006 accuratius
605 4936 764 5011 inquirenti
791 4946 916 5014 apparet
941 4937 1055 4996 duabus
1082 4938 1199 5014 paginis
1227 4937 1373 5015 ponendis
1396 4937 1527 5012 spatium
1549 4936 1632 4995 nullo
1653 4931 1719 4994 ruodo

414 5039 559 5097 sufficere.
609 5035 716 5114 Neque
744 5039 821 5097 enim
853 5039 950 5098 solum
983 5040 1102 5097 nomina
1128 5040 1339 5117 magistrorum
1367 5039 1476 5097 litteris
1509 5043 1621 5097 maiore
1646 5032 1720 5114 spatio

414 5141 595 5200 distantibus
622 5138 733 5216 scripta
759 5149 827 5199 sunt
853 5159 941 5217 quam
968 5141 1137 5211 consulum,
1166 5141 1210 5199 ita
1237 5151 1269 5198 ut
1295 5141 1403 5217 quinae
1428 5140 1490 5199 iere
1516 5141 1632 5200 litterae
1656 5131 1718 5196 vul

415 5253 445 5301 et
464 5242 480 5299 7
505 5251 632 5318 aequent
654 5250 793 5318 septenas
814 5259 861 5301 vv.
886 5244 898 5299 l
921 5252 951 5302 et
970 5244 998 5315 6,
1021 5242 1184 5302 sedetiam
1208 5262 1274 5302 curn
1300 5262 1319 5300 a
1341 5244 1446 5301 dextra
1467 5243 1596 5320 spatium
1620 5253 1719 5300 vacuum
