<?xml version="1.0" encoding="UTF-8"?>
<!DOCTYPE html PUBLIC "-//W3C//DTD XHTML 1.0 Transitional//EN"
    "http://www.w3.org/TR/xhtml1/DTD/xhtml1-transitional.dtd">
<html xmlns="http://www.w3.org/1999/xhtml" xml:lang="en" lang="en">
 <head>
  <title>
</title>
<meta http-equiv="Content-Type" content="text/html;charset=utf-8" />
  <meta name='ocr-system' content='tesseract 3.04.00' />
  <meta name='ocr-capabilities' content='ocr_page ocr_carea ocr_par ocr_line ocrx_word'/>
</head>
<body>
  <div class='ocr_page' id='page_1' title='image "./ephemerisepigra04henzgoog/ephemerisepigra04henzgoog_0242.png"; bbox 0 0 3618 5968; ppageno 0'>
   <div class='ocr_carea' id='block_1_1' title="bbox 438 641 1411 720">
    <p class='ocr_par' dir='ltr' id='par_1_1' title="bbox 438 641 1411 720">
     <span class='ocr_line' id='line_1_1' title="bbox 438 641 1411 720; baseline -0.002 -2"><span class='ocrx_word' id='word_1_1' title='bbox 438 665 737 720; x_wconf 76' lang='lat' dir='ltr'><strong>oesnavauroues</strong></span> <span class='ocrx_word' id='word_1_2' title='bbox 763 661 1045 717; x_wconf 79' lang='lat' dir='ltr'><strong>arroaseurcne.</strong></span> <span class='ocrx_word' id='word_1_3' title='bbox 1338 641 1411 716; x_wconf 82' lang='grc'><strong>225</strong></span> 
     </span>
    </p>
   </div>
   <div class='ocr_carea' id='block_1_2' title="bbox 96 837 1416 1529">
    <p class='ocr_par' dir='ltr' id='par_1_2' title="bbox 96 837 1416 1529">
     <span class='ocr_line' id='line_1_2' title="bbox 100 837 1412 918; baseline -0.002 -20"><span class='ocrx_word' id='word_1_4' title='bbox 100 841 167 898; x_wconf 86' lang='lat' dir='ltr'><strong>sium</strong></span> <span class='ocrx_word' id='word_1_5' title='bbox 189 843 299 918; x_wconf 81' lang='lat' dir='ltr'><strong>opp.4‚</strong></span> <span class='ocrx_word' id='word_1_6' title='bbox 318 842 385 900; x_wconf 88' lang='grc'><strong>133.</strong></span> <span class='ocrx_word' id='word_1_7' title='bbox 409 873 447 884; x_wconf 92' lang='grc'>-</span> <span class='ocrx_word' id='word_1_8' title='bbox 470 841 604 900; x_wconf 86' lang='lat' dir='ltr'><strong>Fuerunt</strong></span> <span class='ocrx_word' id='word_1_9' title='bbox 630 839 720 916; x_wconf 89' lang='lat' dir='ltr'><strong>igitur</strong></span> <span class='ocrx_word' id='word_1_10' title='bbox 741 841 772 897; x_wconf 92' lang='lat' dir='ltr'><strong>iu</strong></span> <span class='ocrx_word' id='word_1_11' title='bbox 794 839 949 917; x_wconf 88' lang='lat' dir='ltr'><strong>provincia</strong></span> <span class='ocrx_word' id='word_1_12' title='bbox 963 837 1113 916; x_wconf 80' lang='lat' dir='ltr'>Hispania</span> <span class='ocrx_word' id='word_1_13' title='bbox 1135 838 1272 896; x_wconf 82' lang='lat' dir='ltr'><strong>citeriore</strong></span> <span class='ocrx_word' id='word_1_14' title='bbox 1296 838 1412 896; x_wconf 90' lang='lat' dir='ltr'><strong>dioece-</strong></span> 
     </span>
     <span class='ocr_line' id='line_1_3' title="bbox 99 938 1412 1018; baseline 0 -18"><span class='ocrx_word' id='word_1_15' title='bbox 99 959 140 1000; x_wconf 85' lang='lat' dir='ltr'><strong>ses</strong></span> <span class='ocrx_word' id='word_1_16' title='bbox 165 953 239 1002; x_wconf 89' lang='lat' dir='ltr'><strong>certe</strong></span> <span class='ocrx_word' id='word_1_17' title='bbox 267 943 352 1014; x_wconf 81' lang='lat' dir='ltr'><strong>duae,</strong></span> <span class='ocrx_word' id='word_1_18' title='bbox 382 942 616 1002; x_wconf 87' lang='lat' dir='ltr'><strong>Tarraconensis</strong></span> <span class='ocrx_word' id='word_1_19' title='bbox 647 943 754 1016; x_wconf 87' lang='lat' dir='ltr'><strong>altera,</strong></span> <span class='ocrx_word' id='word_1_20' title='bbox 783 942 878 999; x_wconf 86' lang='lat' dir='ltr'><strong>altera</strong></span> <span class='ocrx_word' id='word_1_21' title='bbox 906 942 1033 1000; x_wconf 81' lang='lat' dir='ltr'><strong>Asturia</strong></span> <span class='ocrx_word' id='word_1_22' title='bbox 1058 949 1089 998; x_wconf 89' lang='lat' dir='ltr'><strong>et</strong></span> <span class='ocrx_word' id='word_1_23' title='bbox 1116 938 1276 1012; x_wconf 85' lang='lat' dir='ltr'><strong>Callaecia,</strong></span> <span class='ocrx_word' id='word_1_24' title='bbox 1304 941 1412 1018; x_wconf 92' lang='lat' dir='ltr'><strong>quibus</strong></span> 
     </span>
     <span class='ocr_line' id='line_1_4' title="bbox 98 1042 1411 1123; baseline 0.002 -24"><span class='ocrx_word' id='word_1_25' title='bbox 98 1043 210 1120; x_wconf 86' lang='lat' dir='ltr'><strong>singulis</strong></span> <span class='ocrx_word' id='word_1_26' title='bbox 241 1045 333 1123; x_wconf 87' lang='lat' dir='ltr'><strong>legati</strong></span> <span class='ocrx_word' id='word_1_27' title='bbox 366 1047 493 1122; x_wconf 81' lang='lat' dir='ltr'>Augusti</span> <span class='ocrx_word' id='word_1_28' title='bbox 525 1046 733 1122; x_wconf 84' lang='lat' dir='ltr'><strong>praefuerunt,</strong></span> <span class='ocrx_word' id='word_1_29' title='bbox 771 1043 927 1102; x_wconf 85' lang='lat' dir='ltr'><strong>universae</strong></span> <span class='ocrx_word' id='word_1_30' title='bbox 960 1049 1058 1102; x_wconf 87' lang='lat' dir='ltr'><strong>nutem</strong></span> <span class='ocrx_word' id='word_1_31' title='bbox 1091 1042 1262 1118; x_wconf 88' lang='lat' dir='ltr'><strong>provinciae</strong></span> <span class='ocrx_word' id='word_1_32' title='bbox 1294 1042 1411 1118; x_wconf 89' lang='lat' dir='ltr'><strong>legatus</strong></span> 
     </span>
     <span class='ocr_line' id='line_1_5' title="bbox 98 1145 1413 1224; baseline 0.002 -23"><span class='ocrx_word' id='word_1_33' title='bbox 98 1145 216 1220; x_wconf 76' lang='lat' dir='ltr'>Augusti</span> <span class='ocrx_word' id='word_1_34' title='bbox 245 1165 300 1224; x_wconf 92' lang='lat' dir='ltr'><strong>pro</strong></span> <span class='ocrx_word' id='word_1_35' title='bbox 328 1157 476 1223; x_wconf 89' lang='lat' dir='ltr'><strong>praetore.</strong></span> <span class='ocrx_word' id='word_1_36' title='bbox 520 1147 560 1206; x_wconf 87' lang='lat' dir='ltr'><strong>Et</strong></span> <span class='ocrx_word' id='word_1_37' title='bbox 586 1147 630 1205; x_wconf 92' lang='lat' dir='ltr'><strong>illi</strong></span> <span class='ocrx_word' id='word_1_38' title='bbox 657 1146 776 1221; x_wconf 91' lang='lat' dir='ltr'><strong>quidem</strong></span> <span class='ocrx_word' id='word_1_39' title='bbox 803 1155 882 1218; x_wconf 89' lang='lat' dir='ltr'><strong>sunt,</strong></span> <span class='ocrx_word' id='word_1_40' title='bbox 911 1146 961 1224; x_wconf 93' lang='lat' dir='ltr'><strong>qui</strong></span> <span class='ocrx_word' id='word_1_41' title='bbox 989 1145 1155 1222; x_wconf 88' lang='lat' dir='ltr'><strong>posteriore</strong></span> <span class='ocrx_word' id='word_1_42' title='bbox 1178 1153 1274 1204; x_wconf 89' lang='lat' dir='ltr'><strong>aetate</strong></span> <span class='ocrx_word' id='word_1_43' title='bbox 1295 1145 1413 1204; x_wconf 91' lang='lat' dir='ltr'><strong>iuridici</strong></span> 
     </span>
     <span class='ocr_line' id='line_1_6' title="bbox 98 1237 1411 1325; baseline 0.003 -23"><span class='ocrx_word' id='word_1_44' title='bbox 98 1237 231 1323; x_wconf 86' lang='lat' dir='ltr'><strong>appellari</strong></span> <span class='ocrx_word' id='word_1_45' title='bbox 264 1249 361 1325; x_wconf 91' lang='lat' dir='ltr'><strong>coepti</strong></span> <span class='ocrx_word' id='word_1_46' title='bbox 396 1257 473 1322; x_wconf 87' lang='lat' dir='ltr'><strong>sunt,</strong></span> <span class='ocrx_word' id='word_1_47' title='bbox 505 1267 572 1308; x_wconf 89' lang='lat' dir='ltr'><strong>cum</strong></span> <span class='ocrx_word' id='word_1_48' title='bbox 606 1269 637 1308; x_wconf 92' lang='lat' dir='ltr'><strong>re</strong></span> <span class='ocrx_word' id='word_1_49' title='bbox 671 1266 787 1324; x_wconf 79' lang='lat' dir='ltr'>semper</span> <span class='ocrx_word' id='word_1_50' title='bbox 820 1250 846 1306; x_wconf 92' lang='lat' dir='ltr'><strong>ei</strong></span> <span class='ocrx_word' id='word_1_51' title='bbox 878 1247 976 1306; x_wconf 89' lang='lat' dir='ltr'><strong>officio</strong></span> <span class='ocrx_word' id='word_1_52' title='bbox 1001 1247 1189 1324; x_wconf 88' lang='lat' dir='ltr'><strong>potissimum</strong></span> <span class='ocrx_word' id='word_1_53' title='bbox 1212 1247 1411 1306; x_wconf 85' lang='lat' dir='ltr'><strong>vacavissent.</strong></span> 
     </span>
     <span class='ocr_line' id='line_1_7' title="bbox 96 1346 1416 1428; baseline 0.002 -24"><span class='ocrx_word' id='word_1_54' title='bbox 96 1346 281 1426; x_wconf 80' lang='lat' dir='ltr'>Nequaquam</span> <span class='ocrx_word' id='word_1_55' title='bbox 310 1351 402 1427; x_wconf 87' lang='lat' dir='ltr'><strong>igitur</strong></span> <span class='ocrx_word' id='word_1_56' title='bbox 423 1371 525 1410; x_wconf 88' lang='lat' dir='ltr'><strong>verum</strong></span> <span class='ocrx_word' id='word_1_57' title='bbox 552 1351 699 1425; x_wconf 90' lang='lat' dir='ltr'><strong>estquod</strong></span> <span class='ocrx_word' id='word_1_58' title='bbox 720 1351 777 1408; x_wconf 91' lang='lat' dir='ltr'><strong>viri</strong></span> <span class='ocrx_word' id='word_1_59' title='bbox 804 1349 882 1408; x_wconf 91' lang='lat' dir='ltr'><strong>docti</strong></span> <span class='ocrx_word' id='word_1_60' title='bbox 909 1369 1003 1428; x_wconf 88' lang='lat' dir='ltr'>nuper</span> <span class='ocrx_word' id='word_1_61' title='bbox 1029 1349 1223 1408; x_wconf 82' lang='lat' dir='ltr'><strong>defenderunt</strong></span> <span class='ocrx_word' id='word_1_62' title='bbox 1245 1348 1416 1424; x_wconf 89' lang='lat' dir='ltr'><strong>(Benndorl</strong></span> 
     </span>
     <span class='ocr_line' id='line_1_8' title="bbox 96 1449 1412 1529; baseline 0.003 -24"><span class='ocrx_word' id='word_1_63' title='bbox 96 1459 121 1506; x_wconf 91' lang='lat' dir='ltr'><strong>et</strong></span> <span class='ocrx_word' id='word_1_64' title='bbox 139 1449 309 1511; x_wconf 78' lang='lat' dir='ltr'><strong>Hirschfeld</strong></span> <span class='ocrx_word' id='word_1_65' title='bbox 331 1453 409 1511; x_wconf 76' lang='lat' dir='ltr'><strong>arch.</strong></span> <span class='ocrx_word' id='word_1_66' title='bbox 428 1457 515 1529; x_wconf 74' lang='lat' dir='ltr'><strong>epigr.</strong></span> <span class='ocrx_word' id='word_1_67' title='bbox 532 1453 628 1510; x_wconf 72' lang='lat' dir='ltr'><strong>Mittit.</strong></span> <span class='ocrx_word' id='word_1_68' title='bbox 645 1471 699 1510; x_wconf 80' lang='lat' dir='ltr'><strong>aas</strong></span> <span class='ocrx_word' id='word_1_69' title='bbox 716 1453 890 1511; x_wconf 80' lang='lat' dir='ltr'><strong>Oesterreiclr</strong></span> <span class='ocrx_word' id='word_1_70' title='bbox 914 1453 928 1508; x_wconf 91' lang='lat'>1</span> <span class='ocrx_word' id='word_1_71' title='bbox 953 1471 982 1528; x_wconf 91' lang='lat' dir='ltr'><strong>p.</strong></span> <span class='ocrx_word' id='word_1_72' title='bbox 1001 1451 1072 1526; x_wconf 82' lang='lat'>169)</span> <span class='ocrx_word' id='word_1_73' title='bbox 1096 1451 1237 1510; x_wconf 90' lang='lat' dir='ltr'><strong>iuridicos</strong></span> <span class='ocrx_word' id='word_1_74' title='bbox 1259 1451 1412 1510; x_wconf 87' lang='lat' dir='ltr'><strong>institutos</strong></span> 
     </span>
    </p>
   </div>
   <div class='ocr_carea' id='block_1_3' title="bbox 9 1553 1413 1624">
    <p class='ocr_par' dir='ltr' id='par_1_3' title="bbox 9 1553 1413 1624">
     <span class='ocr_line' id='line_1_9' title="bbox 9 1553 1413 1624; baseline 0.003 -17"><span class='ocrx_word' id='word_1_75' title='bbox 9 1553 10 1582; x_wconf 60' lang='grc'>1</span> <span class='ocrx_word' id='word_1_76' title='bbox 96 1568 155 1610; x_wconf 85' lang='lat' dir='ltr'><strong>esse</strong></span> <span class='ocrx_word' id='word_1_77' title='bbox 186 1553 222 1611; x_wconf 86' lang='lat' dir='ltr'><strong>ab</strong></span> <span class='ocrx_word' id='word_1_78' title='bbox 247 1553 414 1613; x_wconf 88' lang='lat' dir='ltr'><strong>Hadriano.</strong></span> <span class='ocrx_word' id='word_1_79' title='bbox 458 1555 554 1612; x_wconf 89' lang='lat' dir='ltr'><strong>lmmo</strong></span> <span class='ocrx_word' id='word_1_80' title='bbox 589 1554 614 1612; x_wconf 93' lang='lat' dir='ltr'><strong>si</strong></span> <span class='ocrx_word' id='word_1_81' title='bbox 648 1573 707 1612; x_wconf 92' lang='lat' dir='ltr'><strong>non</strong></span> <span class='ocrx_word' id='word_1_82' title='bbox 740 1553 874 1624; x_wconf 89' lang='lat' dir='ltr'><strong>nominc,</strong></span> <span class='ocrx_word' id='word_1_83' title='bbox 907 1563 984 1612; x_wconf 90' lang='lat' dir='ltr'><strong>certe</strong></span> <span class='ocrx_word' id='word_1_84' title='bbox 1011 1574 1042 1612; x_wconf 90' lang='lat' dir='ltr'><strong>re</strong></span> <span class='ocrx_word' id='word_1_85' title='bbox 1068 1572 1119 1612; x_wconf 88' lang='lat' dir='ltr'><strong>eos</strong></span> <span class='ocrx_word' id='word_1_86' title='bbox 1142 1561 1257 1612; x_wconf 86' lang='lat' dir='ltr'><strong>creatos</strong></span> <span class='ocrx_word' id='word_1_87' title='bbox 1284 1571 1349 1612; x_wconf 88' lang='lat' dir='ltr'><strong>esse</strong></span> <span class='ocrx_word' id='word_1_88' title='bbox 1375 1555 1413 1611; x_wconf 90' lang='lat' dir='ltr'><strong>ab</strong></span> 
     </span>
    </p>
   </div>
   <div class='ocr_carea' id='block_1_4' title="bbox 94 1651 1411 1733">
    <p class='ocr_par' dir='ltr' id='par_1_4' title="bbox 94 1651 1411 1733">
     <span class='ocr_line' id='line_1_10' title="bbox 94 1651 1411 1733; baseline 0.002 -24"><span class='ocrx_word' id='word_1_89' title='bbox 94 1651 153 1728; x_wconf 88' lang='lat' dir='ltr'><strong>ipso</strong></span> <span class='ocrx_word' id='word_1_90' title='bbox 180 1657 320 1733; x_wconf 83' lang='lat' dir='ltr'><strong>Augusto</strong></span> <span class='ocrx_word' id='word_1_91' title='bbox 346 1656 434 1732; x_wconf 91' lang='lat' dir='ltr'><strong>plane</strong></span> <span class='ocrx_word' id='word_1_92' title='bbox 463 1655 656 1714; x_wconf 86' lang='lat' dir='ltr'><strong>confirmatur</strong></span> <span class='ocrx_word' id='word_1_93' title='bbox 686 1675 721 1713; x_wconf 93' lang='lat' dir='ltr'><strong>eo</strong></span> <span class='ocrx_word' id='word_1_94' title='bbox 750 1655 831 1731; x_wconf 91' lang='lat' dir='ltr'><strong>quod</strong></span> <span class='ocrx_word' id='word_1_95' title='bbox 860 1656 902 1713; x_wconf 88' lang='lat' dir='ltr'><strong>ait</strong></span> <span class='ocrx_word' id='word_1_96' title='bbox 929 1652 1036 1714; x_wconf 87' lang='lat' dir='ltr'><strong>Strabo</strong></span> <span class='ocrx_word' id='word_1_97' title='bbox 1065 1657 1093 1727; x_wconf 86' lang='lat'><strong>3,</strong></span> <span class='ocrx_word' id='word_1_98' title='bbox 1116 1657 1144 1728; x_wconf 87' lang='grc'><strong>4,</strong></span> <span class='ocrx_word' id='word_1_99' title='bbox 1166 1654 1205 1714; x_wconf 98' lang='grc'><strong>20</strong></span> <span class='ocrx_word' id='word_1_100' title='bbox 1233 1654 1411 1732; x_wconf 79' lang='lat' dir='ltr'><strong>Hispaniam</strong></span> 
     </span>
    </p>
   </div>
   <div class='ocr_carea' id='block_1_5' title="bbox 9 1755 1411 1836">
    <p class='ocr_par' dir='ltr' id='par_1_5' title="bbox 9 1755 1411 1836">
     <span class='ocr_line' id='line_1_11' title="bbox 9 1755 1411 1836; baseline 0.002 -24"><span class='ocrx_word' id='word_1_101' title='bbox 9 1759 10 1794; x_wconf 68' lang='lat'>³</span> <span class='ocrx_word' id='word_1_102' title='bbox 94 1755 250 1816; x_wconf 81' lang='lat' dir='ltr'><strong>citeriorem</strong></span> <span class='ocrx_word' id='word_1_103' title='bbox 293 1777 397 1834; x_wconf 87' lang='lat' dir='ltr'><strong>parere</strong></span> <span class='ocrx_word' id='word_1_104' title='bbox 436 1757 534 1836; x_wconf 86' lang='lat' dir='ltr'><strong>legato</strong></span> <span class='ocrx_word' id='word_1_105' title='bbox 574 1758 738 1830; x_wconf 87' lang='lat' dir='ltr'><strong>consulari,</strong></span> <span class='ocrx_word' id='word_1_106' title='bbox 784 1758 839 1816; x_wconf 88' lang='lat' dir='ltr'><strong>sub</strong></span> <span class='ocrx_word' id='word_1_107' title='bbox 879 1777 914 1816; x_wconf 91' lang='lat' dir='ltr'><strong>co</strong></span> <span class='ocrx_word' id='word_1_108' title='bbox 954 1767 1053 1817; x_wconf 84' lang='lat' dir='ltr'><strong>autem</strong></span> <span class='ocrx_word' id='word_1_109' title='bbox 1091 1776 1159 1817; x_wconf 89' lang='lat' dir='ltr'><strong>esse</strong></span> <span class='ocrx_word' id='word_1_110' title='bbox 1196 1759 1311 1836; x_wconf 87' lang='lat' dir='ltr'><strong>legatos</strong></span> <span class='ocrx_word' id='word_1_111' title='bbox 1351 1767 1411 1816; x_wconf 88' lang='lat' dir='ltr'><strong>tres</strong></span> 
     </span>
    </p>
   </div>
   <div class='ocr_carea' id='block_1_6' title="bbox 9 1846 1412 1940">
    <p class='ocr_par' dir='ltr' id='par_1_6' title="bbox 9 1846 1412 1940">
     <span class='ocr_line' id='line_1_12' title="bbox 9 1846 1412 1940; baseline 0.003 -27"><span class='ocrx_word' id='word_1_112' title='bbox 9 1849 10 1872; x_wconf 63' lang='lat'>¹</span> <span class='ocrx_word' id='word_1_113' title='bbox 93 1856 211 1930; x_wconf 87' lang='lat' dir='ltr'><strong>(scilicet</strong></span> <span class='ocrx_word' id='word_1_114' title='bbox 233 1879 294 1918; x_wconf 93' lang='lat' dir='ltr'><strong>non</strong></span> <span class='ocrx_word' id='word_1_115' title='bbox 315 1860 423 1936; x_wconf 86' lang='lat' dir='ltr'><strong>ipsius,</strong></span> <span class='ocrx_word' id='word_1_116' title='bbox 446 1861 499 1918; x_wconf 88' lang='lat' dir='ltr'><strong>sed</strong></span> <span class='ocrx_word' id='word_1_117' title='bbox 521 1868 550 1918; x_wconf 92' lang='lat' dir='ltr'><strong>et</strong></span> <span class='ocrx_word' id='word_1_118' title='bbox 571 1862 654 1937; x_wconf 89' lang='lat' dir='ltr'><strong>ipsos</strong></span> <span class='ocrx_word' id='word_1_119' title='bbox 678 1861 834 1937; x_wconf 86' lang='lat' dir='ltr'>Augusti),</span> <span class='ocrx_word' id='word_1_120' title='bbox 857 1846 895 1916; x_wconf 69' lang='lat' dir='ltr'><strong>dv</strong></span> <span class='ocrx_word' id='word_1_121' title='bbox 916 1853 930 1917; x_wconf 77' lang='grc' dir='ltr'><em>ὃ</em></span> <span class='ocrx_word' id='word_1_122' title='bbox 952 1847 1000 1929; x_wconf 74' lang='grc' dir='ltr'><strong>μὲν</strong></span> <span class='ocrx_word' id='word_1_123' title='bbox 1021 1849 1072 1918; x_wconf 73' lang='grc' dir='ltr'><strong>δύο</strong></span> <span class='ocrx_word' id='word_1_124' title='bbox 1095 1851 1174 1940; x_wconf 70' lang='grc' dir='ltr'>ἔχων</span> <span class='ocrx_word' id='word_1_125' title='bbox 1194 1850 1335 1937; x_wconf 67' lang='grc' dir='ltr'><strong>τάγματα</strong></span> <span class='ocrx_word' id='word_1_126' title='bbox 1356 1882 1412 1917; x_wconf 83' lang='grc' dir='ltr'><strong>πα-</strong></span> 
     </span>
    </p>
   </div>
   <div class='ocr_carea' id='block_1_7' title="bbox 9 1948 1413 2048">
    <p class='ocr_par' dir='ltr' id='par_1_7' title="bbox 9 1948 1413 2048">
     <span class='ocr_line' id='line_1_13' title="bbox 9 1948 1413 2048; baseline 0.004 -34"><span class='ocrx_word' id='word_1_127' title='bbox 9 1967 10 1980; x_wconf 76' lang='lat'><strong>²</strong></span> <span class='ocrx_word' id='word_1_128' title='bbox 92 1963 236 2042; x_wconf 72' lang='lat' dir='ltr'><strong>pappuupsi</strong></span> <span class='ocrx_word' id='word_1_129' title='bbox 260 1954 310 2031; x_wconf 65' lang='grc' dir='ltr'><strong>τὴν</strong></span> <span class='ocrx_word' id='word_1_130' title='bbox 336 1951 422 2044; x_wconf 67' lang='grc' dir='ltr'>πέραν</span> <span class='ocrx_word' id='word_1_131' title='bbox 447 1963 499 2019; x_wconf 79' lang='grc' dir='ltr'><strong>τοῦ</strong></span> <span class='ocrx_word' id='word_1_132' title='bbox 520 1955 635 2048; x_wconf 66' lang='grc' dir='ltr'>Δνυριόυ</span> <span class='ocrx_word' id='word_1_133' title='bbox 658 1964 760 2020; x_wconf 67' lang='grc' dir='ltr'>πᾶσαν</span> <span class='ocrx_word' id='word_1_134' title='bbox 784 1952 829 2019; x_wconf 80' lang='grc' dir='ltr'>ἐπ1</span> <span class='ocrx_word' id='word_1_135' title='bbox 851 1956 904 2024; x_wconf 69' lang='grc' dir='ltr'><strong>τὰς</strong></span> <span class='ocrx_word' id='word_1_136' title='bbox 926 1948 1046 2044; x_wconf 63' lang='grc' dir='ltr'><strong>ἄρκτους</strong></span> <span class='ocrx_word' id='word_1_137' title='bbox 1066 1948 1344 2032; x_wconf 66' lang='lat' dir='ltr'><strong>lv..1&lt;anna2aodc</strong></span> <span class='ocrx_word' id='word_1_138' title='bbox 1367 1951 1413 2019; x_wconf 74' lang='lat' dir='ltr'><strong>la&#39;·</strong></span> 
     </span>
    </p>
   </div>
   <div class='ocr_carea' id='block_1_8' title="bbox 8 2050 1416 2958">
    <p class='ocr_par' dir='ltr' id='par_1_8' title="bbox 8 2050 1416 2968">
     <span class='ocr_line' id='line_1_14' title="bbox 9 2050 1411 2148; baseline 0.002 -33"><span class='ocrx_word' id='word_1_139' title='bbox 9 2131 10 2148; x_wconf 14' lang='grc' dir='ltr'><strong>χ</strong></span> <span class='ocrx_word' id='word_1_140' title='bbox 93 2082 198 2135; x_wconf 64' lang='lat' dir='ltr'><strong>novata·</strong></span> <span class='ocrx_word' id='word_1_141' title='bbox 228 2054 366 2122; x_wconf 68' lang='lat' dir='ltr'><strong>condurat</strong></span> <span class='ocrx_word' id='word_1_142' title='bbox 394 2051 424 2120; x_wconf 68' lang='lat' dir='ltr'><strong>dd</strong></span> <span class='ocrx_word' id='word_1_143' title='bbox 453 2054 562 2123; x_wconf 71' lang='lat' dir='ltr'><strong>rodanus</strong></span> <span class='ocrx_word' id='word_1_144' title='bbox 590 2057 627 2120; x_wconf 68' lang='lat' dir='ltr'><strong>ud</strong></span> <span class='ocrx_word' id='word_1_145' title='bbox 657 2055 832 2146; x_wconf 59' lang='grc' dir='ltr'><strong>προσάρκτια</strong></span> <span class='ocrx_word' id='word_1_146' title='bbox 860 2050 906 2146; x_wconf 74' lang='lat' dir='ltr'><strong>dpn</strong></span> <span class='ocrx_word' id='word_1_147' title='bbox 935 2057 1006 2132; x_wconf 80' lang='grc' dir='ltr'><strong>μετᾶ</strong></span> <span class='ocrx_word' id='word_1_148' title='bbox 1035 2065 1086 2121; x_wconf 78' lang='grc' dir='ltr'><strong>τῶν</strong></span> <span class='ocrx_word' id='word_1_149' title='bbox 1112 2054 1258 2145; x_wconf 68' lang='grc' dir='ltr'>Ἀστῦρων</span> <span class='ocrx_word' id='word_1_150' title='bbox 1286 2054 1333 2122; x_wconf 78' lang='lat' dir='ltr'><strong>acl</strong></span> <span class='ocrx_word' id='word_1_151' title='bbox 1359 2064 1411 2121; x_wconf 74' lang='grc' dir='ltr'><strong>τῶν</strong></span> 
     </span>
     <span class='ocr_line' id='line_1_15' title="bbox 9 2155 1413 2250; baseline 0.004 -33"><span class='ocrx_word' id='word_1_152' title='bbox 9 2155 13 2181; x_wconf 52' lang='lat' dir='ltr'><strong>l</strong></span> <span class='ocrx_word' id='word_1_153' title='bbox 93 2155 292 2248; x_wconf 69' lang='grc' dir='ltr'>Καντάβρων.</span> <span class='ocrx_word' id='word_1_154' title='bbox 310 2158 405 2236; x_wconf 57' lang='grc' dir='ltr'>..τὴν</span> <span class='ocrx_word' id='word_1_155' title='bbox 427 2159 455 2222; x_wconf 83' lang='grc' dir='ltr'><strong>δ’</strong></span> <span class='ocrx_word' id='word_1_156' title='bbox 479 2162 547 2246; x_wconf 73' lang='grc' dir='ltr'><strong>ἑξῆς</strong></span> <span class='ocrx_word' id='word_1_157' title='bbox 568 2158 710 2250; x_wconf 74' lang='grc' dir='ltr'><strong>παρόρειον</strong></span> <span class='ocrx_word' id='word_1_158' title='bbox 735 2157 820 2247; x_wconf 69' lang='grc' dir='ltr'>μέχρι</span> <span class='ocrx_word' id='word_1_159' title='bbox 846 2155 972 2248; x_wconf 62' lang='grc' dir='ltr'>Πυρήνης</span> <span class='ocrx_word' id='word_1_160' title='bbox 999 2159 1012 2222; x_wconf 78' lang='grc' dir='ltr'><em>δ</em></span> <span class='ocrx_word' id='word_1_161' title='bbox 1037 2157 1165 2249; x_wconf 71' lang='grc' dir='ltr'><strong>δεύτερος</strong></span> <span class='ocrx_word' id='word_1_162' title='bbox 1189 2169 1242 2224; x_wconf 74' lang='grc' dir='ltr'><strong>τῶν</strong></span> <span class='ocrx_word' id='word_1_163' title='bbox 1268 2156 1413 2250; x_wconf 71' lang='grc' dir='ltr'><strong>πρετβευ·</strong></span> 
     </span>
     <span class='ocr_line' id='line_1_16' title="bbox 92 2255 1413 2350; baseline 0.004 -31"><span class='ocrx_word' id='word_1_164' title='bbox 92 2265 143 2322; x_wconf 67' lang='grc' dir='ltr'><strong>τῶν</strong></span> <span class='ocrx_word' id='word_1_165' title='bbox 172 2261 244 2334; x_wconf 83' lang='grc' dir='ltr'><strong>μετᾶ</strong></span> <span class='ocrx_word' id='word_1_166' title='bbox 272 2267 324 2324; x_wconf 76' lang='grc' dir='ltr'><strong>τοῦ</strong></span> <span class='ocrx_word' id='word_1_167' title='bbox 349 2258 438 2350; x_wconf 62' lang='lat' dir='ltr'><strong>{ripun</strong></span> <span class='ocrx_word' id='word_1_168' title='bbox 465 2258 629 2344; x_wconf 65' lang='grc' dir='ltr'>τάγματος·</span> <span class='ocrx_word' id='word_1_169' title='bbox 652 2266 799 2326; x_wconf 75' lang='grc' dir='ltr'>ἐπισκοτεῖ</span> <span class='ocrx_word' id='word_1_170' title='bbox 823 2256 853 2325; x_wconf 73' lang='grc' dir='ltr'><strong>δὲ</strong></span> <span class='ocrx_word' id='word_1_171' title='bbox 879 2262 892 2323; x_wconf 84' lang='lat' dir='ltr'><strong>d</strong></span> <span class='ocrx_word' id='word_1_172' title='bbox 917 2257 1006 2348; x_wconf 75' lang='grc' dir='ltr'>τρῖτος</span> <span class='ocrx_word' id='word_1_173' title='bbox 1032 2261 1082 2336; x_wconf 62' lang='grc' dir='ltr'><strong>τήν</strong></span> <span class='ocrx_word' id='word_1_174' title='bbox 1107 2255 1273 2346; x_wconf 65' lang='grc' dir='ltr'><strong>μετᾶεγαιαν,</strong></span> <span class='ocrx_word' id='word_1_175' title='bbox 1295 2257 1413 2347; x_wconf 65' lang='grc' dir='ltr'><strong>συνέχει</strong></span> 
     </span>
     <span class='ocr_line' id='line_1_17' title="bbox 93 2353 1413 2452; baseline 0.002 -28"><span class='ocrx_word' id='word_1_176' title='bbox 93 2353 119 2420; x_wconf 65' lang='grc' dir='ltr'><strong>δὲ</strong></span> <span class='ocrx_word' id='word_1_177' title='bbox 138 2361 173 2424; x_wconf 74' lang='lat' dir='ltr'><strong>ul</strong></span> <span class='ocrx_word' id='word_1_178' title='bbox 194 2371 253 2428; x_wconf 67' lang='grc' dir='ltr'><strong>τῶν</strong></span> <span class='ocrx_word' id='word_1_179' title='bbox 275 2359 408 2445; x_wconf 71' lang='grc' dir='ltr'>τογᾶτων</span> <span class='ocrx_word' id='word_1_180' title='bbox 436 2358 491 2440; x_wconf 62' lang='grc' dir='ltr'><strong>ἤδη</strong></span> <span class='ocrx_word' id='word_1_181' title='bbox 513 2362 669 2447; x_wconf 67' lang='grc' dir='ltr'>λεγομένων</span> <span class='ocrx_word' id='word_1_182' title='bbox 695 2365 732 2430; x_wconf 78' lang='grc' dir='ltr'><strong>ὠς</strong></span> <span class='ocrx_word' id='word_1_183' title='bbox 758 2359 795 2426; x_wconf 79' lang='lat' dir='ltr'><strong>clv</strong></span> <span class='ocrx_word' id='word_1_184' title='bbox 816 2368 965 2452; x_wconf 68' lang='grc' dir='ltr'><strong>εἷρηνταινῒν</strong></span> <span class='ocrx_word' id='word_1_185' title='bbox 986 2357 1034 2426; x_wconf 76' lang='lat' dir='ltr'><strong>noel</strong></span> <span class='ocrx_word' id='word_1_186' title='bbox 1056 2368 1094 2430; x_wconf 82' lang='grc' dir='ltr'><strong>εἷς</strong></span> <span class='ocrx_word' id='word_1_187' title='bbox 1115 2362 1147 2426; x_wconf 70' lang='lat' dir='ltr'><strong>sd</strong></span> <span class='ocrx_word' id='word_1_188' title='bbox 1169 2361 1266 2450; x_wconf 69' lang='grc' dir='ltr'>ἥμερον</span> <span class='ocrx_word' id='word_1_189' title='bbox 1291 2360 1339 2428; x_wconf 79' lang='lat' dir='ltr'><strong>usal</strong></span> <span class='ocrx_word' id='word_1_190' title='bbox 1364 2362 1413 2427; x_wconf 71' lang='lat' dir='ltr'><strong>cdv</strong></span> 
     </span>
     <span class='ocr_line' id='line_1_18' title="bbox 90 2461 1414 2549; baseline 0.006 -27"><span class='ocrx_word' id='word_1_191' title='bbox 90 2463 223 2527; x_wconf 75' lang='grc' dir='ltr'><strong>Ἰταλικδν</strong></span> <span class='ocrx_word' id='word_1_192' title='bbox 254 2461 342 2528; x_wconf 79' lang='grc' dir='ltr'>τιν’πον</span> <span class='ocrx_word' id='word_1_193' title='bbox 363 2461 564 2542; x_wconf 76' lang='grc' dir='ltr'>μετακειμένων</span> <span class='ocrx_word' id='word_1_194' title='bbox 586 2471 614 2528; x_wconf 82' lang='grc' dir='ltr'><strong>ἐν</strong></span> <span class='ocrx_word' id='word_1_195' title='bbox 634 2473 672 2549; x_wconf 71' lang='grc' dir='ltr'><strong>τῇ</strong></span> <span class='ocrx_word' id='word_1_196' title='bbox 692 2463 842 2548; x_wconf 52' lang='lat' dir='ltr'><strong>cellcunran</strong></span> <span class='ocrx_word' id='word_1_197' title='bbox 861 2467 975 2541; x_wconf 69' lang='grc' dir='ltr'><strong>ἐσθῆτι.</strong></span> <span class='ocrx_word' id='word_1_198' title='bbox 1022 2471 1139 2530; x_wconf 87' lang='lat' dir='ltr'><strong>Horum</strong></span> <span class='ocrx_word' id='word_1_199' title='bbox 1164 2473 1329 2549; x_wconf 79' lang='lat' dir='ltr'><strong>legatorum</strong></span> <span class='ocrx_word' id='word_1_200' title='bbox 1355 2472 1414 2549; x_wconf 81' lang='lat' dir='ltr'><strong>prl-</strong></span> 
     </span>
     <span class='ocr_line' id='line_1_19' title="bbox 93 2572 1416 2652; baseline 0.005 -25"><span class='ocrx_word' id='word_1_201' title='bbox 93 2589 152 2628; x_wconf 88' lang='lat' dir='ltr'><strong>mus</strong></span> <span class='ocrx_word' id='word_1_202' title='bbox 180 2583 228 2632; x_wconf 86' lang='lat' dir='ltr'><strong>est</strong></span> <span class='ocrx_word' id='word_1_203' title='bbox 254 2573 282 2633; x_wconf 86' lang='lat' dir='ltr'><strong>ie</strong></span> <span class='ocrx_word' id='word_1_204' title='bbox 308 2574 359 2650; x_wconf 92' lang='lat' dir='ltr'><strong>qui</strong></span> <span class='ocrx_word' id='word_1_205' title='bbox 386 2573 493 2634; x_wconf 89' lang='lat' dir='ltr'><strong>dicitur</strong></span> <span class='ocrx_word' id='word_1_206' title='bbox 514 2573 655 2633; x_wconf 84' lang='lat' dir='ltr'><strong>Asturiae</strong></span> <span class='ocrx_word' id='word_1_207' title='bbox 678 2583 708 2632; x_wconf 88' lang='lat' dir='ltr'><strong>et</strong></span> <span class='ocrx_word' id='word_1_208' title='bbox 730 2572 911 2646; x_wconf 76' lang='lat' dir='ltr'><strong>Callaeciae,</strong></span> <span class='ocrx_word' id='word_1_209' title='bbox 938 2575 1043 2633; x_wconf 89' lang='lat' dir='ltr'><strong>tertius</strong></span> <span class='ocrx_word' id='word_1_210' title='bbox 1065 2575 1116 2649; x_wconf 93' lang='lat' dir='ltr'><strong>qui</strong></span> <span class='ocrx_word' id='word_1_211' title='bbox 1145 2585 1264 2652; x_wconf 84' lang='lat' dir='ltr'><strong>praeest</strong></span> <span class='ocrx_word' id='word_1_212' title='bbox 1285 2575 1416 2634; x_wconf 87' lang='lat' dir='ltr'><strong>dioecesi</strong></span> 
     </span>
     <span class='ocr_line' id='line_1_20' title="bbox 91 2672 1414 2754; baseline 0.005 -24"><span class='ocrx_word' id='word_1_213' title='bbox 91 2672 323 2748; x_wconf 79' lang='lat' dir='ltr'><strong>Tarraconensi3</strong></span> <span class='ocrx_word' id='word_1_214' title='bbox 347 2677 495 2736; x_wconf 85' lang='lat' dir='ltr'><strong>secundus</strong></span> <span class='ocrx_word' id='word_1_215' title='bbox 516 2678 547 2735; x_wconf 93' lang='lat' dir='ltr'><strong>iu</strong></span> <span class='ocrx_word' id='word_1_216' title='bbox 569 2676 663 2734; x_wconf 87' lang='lat' dir='ltr'><strong>titulis</strong></span> <span class='ocrx_word' id='word_1_217' title='bbox 684 2675 781 2735; x_wconf 87' lang='lat' dir='ltr'><strong>adhuc</strong></span> <span class='ocrx_word' id='word_1_218' title='bbox 800 2684 939 2754; x_wconf 88' lang='lat' dir='ltr'><strong>repertus</strong></span> <span class='ocrx_word' id='word_1_219' title='bbox 958 2684 1087 2750; x_wconf 86' lang='lat' dir='ltr'><strong>nonest,</strong></span> <span class='ocrx_word' id='word_1_220' title='bbox 1110 2695 1165 2734; x_wconf 89' lang='lat' dir='ltr'><strong>nec</strong></span> <span class='ocrx_word' id='word_1_221' title='bbox 1186 2685 1264 2737; x_wconf 91' lang='lat' dir='ltr'><strong>recte</strong></span> <span class='ocrx_word' id='word_1_222' title='bbox 1286 2676 1325 2736; x_wconf 89' lang='lat' dir='ltr'><strong>ad</strong></span> <span class='ocrx_word' id='word_1_223' title='bbox 1345 2695 1414 2736; x_wconf 85' lang='lat' dir='ltr'><strong>eum</strong></span> 
     </span>
     <span class='ocr_line' id='line_1_21' title="bbox 8 2777 1413 2858; baseline 0.001 -24"><span class='ocrx_word' id='word_1_224' title='bbox 8 2781 10 2834; x_wconf 88' lang='lat'>!</span> <span class='ocrx_word' id='word_1_225' title='bbox 91 2777 278 2850; x_wconf 86' lang='lat' dir='ltr'><strong>potissimum</strong></span> <span class='ocrx_word' id='word_1_226' title='bbox 304 2779 462 2837; x_wconf 88' lang='lat' dir='ltr'><strong>trahuntur</strong></span> <span class='ocrx_word' id='word_1_227' title='bbox 489 2778 509 2837; x_wconf 91' lang='lat' dir='ltr'><strong>ii</strong></span> <span class='ocrx_word' id='word_1_228' title='bbox 536 2777 624 2850; x_wconf 88' lang='lat' dir='ltr'><strong>tituli,</strong></span> <span class='ocrx_word' id='word_1_229' title='bbox 652 2778 704 2855; x_wconf 93' lang='lat' dir='ltr'><strong>qui</strong></span> <span class='ocrx_word' id='word_1_230' title='bbox 730 2780 884 2838; x_wconf 87' lang='lat' dir='ltr'><strong>nominant</strong></span> <span class='ocrx_word' id='word_1_231' title='bbox 909 2778 1041 2858; x_wconf 89' lang='lat' dir='ltr'><strong>legatum</strong></span> <span class='ocrx_word' id='word_1_232' title='bbox 1069 2779 1225 2838; x_wconf 88' lang='lat' dir='ltr'><strong>iuridicum</strong></span> <span class='ocrx_word' id='word_1_233' title='bbox 1247 2778 1413 2856; x_wconf 80' lang='lat' dir='ltr'><strong>Hispaniae</strong></span> 
     </span>
     <span class='ocr_line' id='line_1_22' title="bbox 91 2876 1415 2958; baseline 0.005 -24.587"><span class='ocrx_word' id='word_1_234' title='bbox 91 2876 214 2938; x_wconf 87' lang='lat' dir='ltr'><strong>dioecesi</strong></span> <span class='ocrx_word' id='word_1_235' title='bbox 239 2899 299 2938; x_wconf 92' lang='lat' dir='ltr'><strong>non</strong></span> <span class='ocrx_word' id='word_1_236' title='bbox 321 2882 480 2940; x_wconf 78' lang='lat' dir='ltr'><strong>enuntiata</strong></span> <span class='ocrx_word' id='word_1_237' title='bbox 524 2879 604 2940; x_wconf 89' lang='lat' dir='ltr'><strong>Nam</strong></span> <span class='ocrx_word' id='word_1_238' title='bbox 630 2883 781 2939; x_wconf 82' lang='lat' dir='ltr'><strong>inridicum</strong></span> <span class='ocrx_word' id='word_1_239' title='bbox 802 2881 966 2958; x_wconf 75' lang='lat' dir='ltr'><strong>Hispaniae</strong></span> <span class='ocrx_word' id='word_1_240' title='bbox 992 2885 1131 2941; x_wconf 80' lang='lat' dir='ltr'><strong>citerioris</strong></span> <span class='ocrx_word' id='word_1_241' title='bbox 1162 2881 1239 2940; x_wconf 90' lang='lat' dir='ltr'><strong>tituli</strong></span> <span class='ocrx_word' id='word_1_242' title='bbox 1261 2881 1415 2941; x_wconf 89' lang='lat' dir='ltr'><strong>Beneven-</strong></span> 
     </span>
    </p>
   </div>
   <div class='ocr_carea' id='block_1_9' title="bbox 8 2981 1413 3057">
    <p class='ocr_par' dir='ltr' id='par_1_9' title="bbox 8 2981 1413 3057">
     <span class='ocr_line' id='line_1_23' title="bbox 8 2981 1413 3057; baseline 0.006 -22"><span class='ocrx_word' id='word_1_243' title='bbox 8 3041 9 3050; x_wconf 12' lang='lat' dir='ltr'>w</span> <span class='ocrx_word' id='word_1_244' title='bbox 91 2981 148 3038; x_wconf 87' lang='lat' dir='ltr'><strong>tani</strong></span> <span class='ocrx_word' id='word_1_245' title='bbox 172 2983 234 3040; x_wconf 88' lang='lat' dir='ltr'><strong>vol.</strong></span> <span class='ocrx_word' id='word_1_246' title='bbox 251 2983 299 3041; x_wconf 89' lang='lat' dir='ltr'><strong>IX</strong></span> <span class='ocrx_word' id='word_1_247' title='bbox 319 3003 349 3042; x_wconf 90' lang='lat' dir='ltr'><strong>u.</strong></span> <span class='ocrx_word' id='word_1_248' title='bbox 367 2981 446 3042; x_wconf 83' lang='grc'>1012</span> <span class='ocrx_word' id='word_1_249' title='bbox 462 2982 537 3040; x_wconf 91' lang='lat' dir='ltr'><strong>-=I.</strong></span> <span class='ocrx_word' id='word_1_250' title='bbox 558 2983 594 3041; x_wconf 88' lang='lat' dir='ltr'><strong>R.</strong></span> <span class='ocrx_word' id='word_1_251' title='bbox 617 2982 655 3041; x_wconf 89' lang='lat' dir='ltr'><strong>N.</strong></span> <span class='ocrx_word' id='word_1_252' title='bbox 681 2981 761 3042; x_wconf 85' lang='grc'>1420</span> <span class='ocrx_word' id='word_1_253' title='bbox 787 2983 1045 3044; x_wconf 84' lang='lat' dir='ltr'><strong>Tarraconensem</strong></span> <span class='ocrx_word' id='word_1_254' title='bbox 1078 3001 1145 3046; x_wconf 87' lang='lat' dir='ltr'><strong>esse</strong></span> <span class='ocrx_word' id='word_1_255' title='bbox 1176 2984 1245 3044; x_wconf 88' lang='lat' dir='ltr'><strong>inde</strong></span> <span class='ocrx_word' id='word_1_256' title='bbox 1277 2984 1413 3057; x_wconf 83' lang='lat' dir='ltr'><strong>efficitur,</strong></span> 
     </span>
    </p>
   </div>
   <div class='ocr_carea' id='block_1_10' title="bbox 91 3083 1415 3266">
    <p class='ocr_par' dir='ltr' id='par_1_10' title="bbox 91 3083 1415 3266">
     <span class='ocr_line' id='line_1_24' title="bbox 92 3083 1415 3163; baseline 0.004 -23"><span class='ocrx_word' id='word_1_257' title='bbox 92 3083 166 3157; x_wconf 92' lang='lat' dir='ltr'><strong>quod</strong></span> <span class='ocrx_word' id='word_1_258' title='bbox 188 3085 327 3146; x_wconf 86' lang='lat' dir='ltr'><strong>eiusdem</strong></span> <span class='ocrx_word' id='word_1_259' title='bbox 354 3085 410 3143; x_wconf 88' lang='lat' dir='ltr'><strong>viri</strong></span> <span class='ocrx_word' id='word_1_260' title='bbox 433 3085 509 3144; x_wconf 87' lang='lat' dir='ltr'><strong>alter</strong></span> <span class='ocrx_word' id='word_1_261' title='bbox 530 3085 645 3156; x_wconf 87' lang='lat' dir='ltr'><strong>titulus,</strong></span> <span class='ocrx_word' id='word_1_262' title='bbox 672 3085 723 3144; x_wconf 88' lang='lat' dir='ltr'><strong>ubi</strong></span> <span class='ocrx_word' id='word_1_263' title='bbox 749 3085 855 3144; x_wconf 89' lang='lat' dir='ltr'><strong>dicitur</strong></span> <span class='ocrx_word' id='word_1_264' title='bbox 877 3087 985 3163; x_wconf 77' lang='lat' dir='ltr'><strong>lepotue</strong></span> <span class='ocrx_word' id='word_1_265' title='bbox 1006 3089 1148 3146; x_wconf 80' lang='lat' dir='ltr'><strong>iuridicue</strong></span> <span class='ocrx_word' id='word_1_266' title='bbox 1169 3087 1415 3146; x_wconf 89' lang='lat' dir='ltr'><strong>determinatione</strong></span> 
     </span>
     <span class='ocr_line' id='line_1_25' title="bbox 91 3187 1415 3266; baseline 0.005 -26"><span class='ocrx_word' id='word_1_267' title='bbox 91 3201 145 3242; x_wconf 90' lang='lat' dir='ltr'><strong>nou</strong></span> <span class='ocrx_word' id='word_1_268' title='bbox 178 3187 307 3260; x_wconf 84' lang='lat' dir='ltr'><strong>adiecta,</strong></span> <span class='ocrx_word' id='word_1_269' title='bbox 340 3187 511 3246; x_wconf 84' lang='lat' dir='ltr'><strong>Tarracone</strong></span> <span class='ocrx_word' id='word_1_270' title='bbox 543 3188 653 3264; x_wconf 88' lang='lat' dir='ltr'><strong>prodiit</strong></span> <span class='ocrx_word' id='word_1_271' title='bbox 685 3187 758 3262; x_wconf 87' lang='lat' dir='ltr'><strong>(vol.</strong></span> <span class='ocrx_word' id='word_1_272' title='bbox 781 3187 811 3244; x_wconf 94' lang='lat' dir='ltr'><strong>II</strong></span> <span class='ocrx_word' id='word_1_273' title='bbox 843 3209 871 3248; x_wconf 91' lang='lat' dir='ltr'><strong>n.</strong></span> <span class='ocrx_word' id='word_1_274' title='bbox 893 3188 1004 3264; x_wconf 82' lang='lat'><strong>4113),</strong></span> <span class='ocrx_word' id='word_1_275' title='bbox 1040 3193 1151 3266; x_wconf 88' lang='lat' dir='ltr'><strong>quique</strong></span> <span class='ocrx_word' id='word_1_276' title='bbox 1182 3197 1274 3248; x_wconf 86' lang='lat' dir='ltr'><strong>restat</strong></span> <span class='ocrx_word' id='word_1_277' title='bbox 1306 3190 1415 3266; x_wconf 74' lang='lat' dir='ltr'><strong>lupulus</strong></span> 
     </span>
    </p>
   </div>
   <div class='ocr_carea' id='block_1_11' title="bbox 8 3290 1415 3366">
    <p class='ocr_par' dir='ltr' id='par_1_11' title="bbox 8 3290 1415 3366">
     <span class='ocr_line' id='line_1_26' title="bbox 8 3290 1415 3366; baseline 0.003 -20"><span class='ocrx_word' id='word_1_278' title='bbox 8 3341 9 3346; x_wconf 73' lang='grc'>,</span> <span class='ocrx_word' id='word_1_279' title='bbox 91 3291 229 3348; x_wconf 69' lang='lat' dir='ltr'><strong>citeriores</strong></span> <span class='ocrx_word' id='word_1_280' title='bbox 251 3290 417 3366; x_wconf 80' lang='lat' dir='ltr'><strong>Hispaniae</strong></span> <span class='ocrx_word' id='word_1_281' title='bbox 439 3307 530 3366; x_wconf 89' lang='lat' dir='ltr'><strong>supra</strong></span> <span class='ocrx_word' id='word_1_282' title='bbox 552 3291 660 3348; x_wconf 88' lang='lat' dir='ltr'><strong>citatus</strong></span> <span class='ocrx_word' id='word_1_283' title='bbox 687 3297 837 3365; x_wconf 84' lang='lat' dir='ltr'><strong>potestat</strong></span> <span class='ocrx_word' id='word_1_284' title='bbox 862 3293 925 3366; x_wconf 89' lang='lat' dir='ltr'><strong>ipse</strong></span> <span class='ocrx_word' id='word_1_285' title='bbox 947 3290 1050 3349; x_wconf 90' lang='lat' dir='ltr'><strong>eodem</strong></span> <span class='ocrx_word' id='word_1_286' title='bbox 1073 3291 1172 3350; x_wconf 83' lang='lat' dir='ltr'><strong>officio</strong></span> <span class='ocrx_word' id='word_1_287' title='bbox 1197 3291 1316 3351; x_wconf 88' lang='lat' dir='ltr'><strong>functus</strong></span> <span class='ocrx_word' id='word_1_288' title='bbox 1338 3308 1415 3350; x_wconf 85' lang='lat' dir='ltr'><strong>esee.</strong></span> 
     </span>
    </p>
   </div>
   <div class='ocr_carea' id='block_1_12' title="bbox 8 3385 1416 3780">
    <p class='ocr_par' dir='ltr' id='par_1_12' title="bbox 92 3385 1075 3470">
     <span class='ocr_line' id='line_1_27' title="bbox 92 3385 1075 3470; baseline 0.003 -22"><span class='ocrx_word' id='word_1_289' title='bbox 92 3385 219 3450; x_wconf 82' lang='lat' dir='ltr'><strong>Secundi</strong></span> <span class='ocrx_word' id='word_1_290' title='bbox 244 3393 337 3468; x_wconf 88' lang='lat' dir='ltr'><strong>igitur</strong></span> <span class='ocrx_word' id='word_1_291' title='bbox 357 3392 448 3468; x_wconf 88' lang='lat' dir='ltr'><strong>legati</strong></span> <span class='ocrx_word' id='word_1_292' title='bbox 471 3392 643 3450; x_wconf 89' lang='lat' dir='ltr'><strong>dioeceseos</strong></span> <span class='ocrx_word' id='word_1_293' title='bbox 665 3409 772 3450; x_wconf 89' lang='lat' dir='ltr'><strong>nomen</strong></span> <span class='ocrx_word' id='word_1_294' title='bbox 795 3392 892 3451; x_wconf 87' lang='lat' dir='ltr'><strong>adhuc</strong></span> <span class='ocrx_word' id='word_1_295' title='bbox 913 3393 1075 3470; x_wconf 87' lang='lat' dir='ltr'><strong>ignoratur.</strong></span> 
     </span>
    </p>

    <p class='ocr_par' dir='ltr' id='par_1_13' title="bbox 8 3493 1416 3780">
     <span class='ocr_line' id='line_1_28' title="bbox 152 3493 1414 3580; baseline 0.002 -30"><span class='ocrx_word' id='word_1_296' title='bbox 152 3495 201 3554; x_wconf 92' lang='grc'><strong>10.</strong></span> <span class='ocrx_word' id='word_1_297' title='bbox 246 3494 324 3553; x_wconf 88' lang='lat' dir='ltr'><strong>Tres</strong></span> <span class='ocrx_word' id='word_1_298' title='bbox 346 3495 459 3570; x_wconf 89' lang='lat' dir='ltr'><strong>primos</strong></span> <span class='ocrx_word' id='word_1_299' title='bbox 482 3493 559 3552; x_wconf 89' lang='lat' dir='ltr'><strong>tituli</strong></span> <span class='ocrx_word' id='word_1_300' title='bbox 575 3511 678 3552; x_wconf 88' lang='lat' dir='ltr'><strong>versus</strong></span> <span class='ocrx_word' id='word_1_301' title='bbox 700 3513 760 3552; x_wconf 91' lang='lat' dir='ltr'><strong>non</strong></span> <span class='ocrx_word' id='word_1_302' title='bbox 782 3495 936 3573; x_wconf 84' lang='lat' dir='ltr'><strong>intelleg03</strong></span> <span class='ocrx_word' id='word_1_303' title='bbox 960 3495 1016 3554; x_wconf 88' lang='lat' dir='ltr'><strong>hoo</strong></span> <span class='ocrx_word' id='word_1_304' title='bbox 1035 3503 1161 3572; x_wconf 86' lang='lat' dir='ltr'><strong>apparet</strong></span> <span class='ocrx_word' id='word_1_305' title='bbox 1180 3496 1216 3552; x_wconf 91' lang='lat' dir='ltr'><strong>de</strong></span> <span class='ocrx_word' id='word_1_306' title='bbox 1237 3495 1414 3580; x_wconf 69' lang='grc' dir='ltr'>πρ[ατηγῷ]</span> 
     </span>
     <span class='ocr_line' id='line_1_29' title="bbox 90 3595 1416 3673; baseline 0.003 -22"><span class='ocrx_word' id='word_1_307' title='bbox 90 3597 214 3673; x_wconf 86' lang='lat' dir='ltr'><strong>cogitari</strong></span> <span class='ocrx_word' id='word_1_308' title='bbox 239 3615 299 3654; x_wconf 93' lang='lat' dir='ltr'><strong>uon</strong></span> <span class='ocrx_word' id='word_1_309' title='bbox 321 3615 422 3673; x_wconf 87' lang='lat' dir='ltr'><strong>posse,</strong></span> <span class='ocrx_word' id='word_1_310' title='bbox 445 3615 513 3654; x_wconf 89' lang='lat' dir='ltr'><strong>cum</strong></span> <span class='ocrx_word' id='word_1_311' title='bbox 534 3595 560 3653; x_wconf 88' lang='lat' dir='ltr'><strong>is</strong></span> <span class='ocrx_word' id='word_1_312' title='bbox 582 3597 679 3654; x_wconf 90' lang='lat' dir='ltr'><strong>honor</strong></span> <span class='ocrx_word' id='word_1_313' title='bbox 700 3597 802 3655; x_wconf 89' lang='lat' dir='ltr'><strong>redeat</strong></span> <span class='ocrx_word' id='word_1_314' title='bbox 821 3617 847 3654; x_wconf 87' lang='lat' dir='ltr'><strong>v.</strong></span> <span class='ocrx_word' id='word_1_315' title='bbox 866 3599 914 3670; x_wconf 94' lang='grc'><strong>11,</strong></span> <span class='ocrx_word' id='word_1_316' title='bbox 936 3616 991 3656; x_wconf 91' lang='lat' dir='ltr'><strong>nec</strong></span> <span class='ocrx_word' id='word_1_317' title='bbox 1014 3597 1088 3656; x_wconf 85' lang='lat' dir='ltr'><strong>satis</strong></span> <span class='ocrx_word' id='word_1_318' title='bbox 1108 3598 1261 3657; x_wconf 89' lang='lat' dir='ltr'><strong>commode</strong></span> <span class='ocrx_word' id='word_1_319' title='bbox 1282 3597 1416 3656; x_wconf 92' lang='lat' dir='ltr'><strong>introdu-</strong></span> 
     </span>
     <span class='ocr_line' id='line_1_30' title="bbox 8 3690 1084 3780; baseline 0.004 -27"><span class='ocrx_word' id='word_1_320' title='bbox 8 3777 9 3780; x_wconf 62' lang='lat'>,</span> <span class='ocrx_word' id='word_1_321' title='bbox 90 3698 164 3758; x_wconf 90' lang='lat' dir='ltr'><strong>citur</strong></span> <span class='ocrx_word' id='word_1_322' title='bbox 187 3699 429 3776; x_wconf 85' lang='lat' dir='ltr'><strong>supplementum</strong></span> <span class='ocrx_word' id='word_1_323' title='bbox 451 3698 489 3758; x_wconf 87' lang='lat' dir='ltr'><strong>ab</strong></span> <span class='ocrx_word' id='word_1_324' title='bbox 511 3698 623 3757; x_wconf 86' lang='lat' dir='ltr'><strong>editore</strong></span> <span class='ocrx_word' id='word_1_325' title='bbox 645 3699 832 3775; x_wconf 88' lang='lat' dir='ltr'><strong>propositum</strong></span> <span class='ocrx_word' id='word_1_326' title='bbox 856 3693 926 3777; x_wconf 67' lang='grc' dir='ltr'>[ἀφ’</span> <span class='ocrx_word' id='word_1_327' title='bbox 949 3690 1084 3775; x_wconf 77' lang='grc' dir='ltr'>ὁ]τα’των.</span> 
     </span>
    </p>
   </div>
   <div class='ocr_carea' id='block_1_13' title="bbox 136 3995 1373 4309">
    <p class='ocr_par' dir='ltr' id='par_1_14' title="bbox 136 3995 1373 4309">
     <span class='ocr_line' id='line_1_31' title="bbox 678 3995 831 4089; baseline -0.007 0"><span class='ocrx_word' id='word_1_328' title='bbox 678 3995 831 4089; x_wconf 88' lang='lat' dir='ltr'><strong>XXV.</strong></span> 
     </span>
     <span class='ocr_line' id='line_1_32' title="bbox 136 4209 1373 4309; baseline 0.002 -3"><span class='ocrx_word' id='word_1_329' title='bbox 136 4211 456 4309; x_wconf 86' lang='lat' dir='ltr'><strong>FORMVLA</strong></span> <span class='ocrx_word' id='word_1_330' title='bbox 486 4209 643 4306; x_wconf 85' lang='lat' dir='ltr'><strong>VOTI</strong></span> <span class='ocrx_word' id='word_1_331' title='bbox 671 4211 986 4306; x_wconf 84' lang='lat' dir='ltr'><strong>FRATRVM</strong></span> <span class='ocrx_word' id='word_1_332' title='bbox 1015 4211 1373 4309; x_wconf 87' lang='lat' dir='ltr'><strong>ARVALIVM.</strong></span> 
     </span>
    </p>
   </div>
   <div class='ocr_carea' id='block_1_14' title="bbox 90 4424 1419 5318">
    <p class='ocr_par' dir='ltr' id='par_1_15' title="bbox 90 4424 1419 5318">
     <span class='ocr_line' id='line_1_33' title="bbox 177 4424 1417 4501; baseline 0.002 -18"><span class='ocrx_word' id='word_1_333' title='bbox 177 4425 350 4484; x_wconf 82' lang='lat' dir='ltr'><strong>Accusativi</strong></span> <span class='ocrx_word' id='word_1_334' title='bbox 373 4433 516 4484; x_wconf 87' lang='lat' dir='ltr'><strong>exeuntes</strong></span> <span class='ocrx_word' id='word_1_335' title='bbox 538 4428 570 4482; x_wconf 93' lang='lat' dir='ltr'><strong>in</strong></span> <span class='ocrx_word' id='word_1_336' title='bbox 591 4443 638 4482; x_wconf 87' lang='lat' dir='ltr'><strong>am</strong></span> <span class='ocrx_word' id='word_1_337' title='bbox 660 4443 700 4482; x_wconf 88' lang='lat' dir='ltr'><strong>em</strong></span> <span class='ocrx_word' id='word_1_338' title='bbox 721 4443 767 4482; x_wconf 87' lang='lat' dir='ltr'><strong>um</strong></span> <span class='ocrx_word' id='word_1_339' title='bbox 789 4433 819 4481; x_wconf 91' lang='lat' dir='ltr'><strong>et</strong></span> <span class='ocrx_word' id='word_1_340' title='bbox 840 4424 963 4483; x_wconf 86' lang='lat' dir='ltr'><strong>ablativi</strong></span> <span class='ocrx_word' id='word_1_341' title='bbox 985 4424 1036 4501; x_wconf 89' lang='lat' dir='ltr'><strong>qui</strong></span> <span class='ocrx_word' id='word_1_342' title='bbox 1057 4424 1163 4483; x_wconf 88' lang='lat' dir='ltr'><strong>finiunt</strong></span> <span class='ocrx_word' id='word_1_343' title='bbox 1183 4425 1214 4484; x_wconf 93' lang='lat' dir='ltr'><strong>in</strong></span> <span class='ocrx_word' id='word_1_344' title='bbox 1236 4445 1256 4484; x_wconf 87' lang='lat' dir='ltr'><strong>o</strong></span> <span class='ocrx_word' id='word_1_345' title='bbox 1278 4445 1292 4484; x_wconf 89' lang='lat' dir='ltr'><strong>e</strong></span> <span class='ocrx_word' id='word_1_346' title='bbox 1313 4445 1329 4483; x_wconf 93' lang='lat' dir='ltr'><strong>o</strong></span> <span class='ocrx_word' id='word_1_347' title='bbox 1350 4445 1417 4486; x_wconf 91' lang='lat' dir='ltr'><strong>curu</strong></span> 
     </span>
     <span class='ocr_line' id='line_1_34' title="bbox 92 4526 1417 4602; baseline 0.004 -20"><span class='ocrx_word' id='word_1_348' title='bbox 92 4543 168 4584; x_wconf 90' lang='lat' dir='ltr'><strong>sono</strong></span> <span class='ocrx_word' id='word_1_349' title='bbox 183 4528 234 4586; x_wconf 82' lang='lat' dir='ltr'><strong>vix</strong></span> <span class='ocrx_word' id='word_1_350' title='bbox 249 4528 412 4600; x_wconf 83' lang='lat' dir='ltr'><strong>differrent,</strong></span> <span class='ocrx_word' id='word_1_351' title='bbox 433 4535 547 4585; x_wconf 85' lang='lat' dir='ltr'><strong>mature</strong></span> <span class='ocrx_word' id='word_1_352' title='bbox 563 4526 680 4598; x_wconf 86' lang='lat' dir='ltr'><strong>accidit,</strong></span> <span class='ocrx_word' id='word_1_353' title='bbox 702 4536 735 4584; x_wconf 90' lang='lat' dir='ltr'><strong>ut</strong></span> <span class='ocrx_word' id='word_1_354' title='bbox 756 4527 833 4584; x_wconf 90' lang='lat' dir='ltr'><strong>inter</strong></span> <span class='ocrx_word' id='word_1_355' title='bbox 855 4544 887 4584; x_wconf 90' lang='lat' dir='ltr'><strong>se</strong></span> <span class='ocrx_word' id='word_1_356' title='bbox 909 4533 1146 4602; x_wconf 89' lang='lat' dir='ltr'><strong>permutarentur</strong></span> <span class='ocrx_word' id='word_1_357' title='bbox 1162 4545 1229 4585; x_wconf 88' lang='lat' dir='ltr'><strong>cum</strong></span> <span class='ocrx_word' id='word_1_358' title='bbox 1251 4527 1332 4600; x_wconf 88' lang='lat' dir='ltr'><strong>alibi,</strong></span> <span class='ocrx_word' id='word_1_359' title='bbox 1355 4539 1417 4588; x_wconf 90' lang='lat' dir='ltr'><strong>tum</strong></span> 
     </span>
     <span class='ocr_line' id='line_1_35' title="bbox 90 4629 1418 4706; baseline 0.005 -22"><span class='ocrx_word' id='word_1_360' title='bbox 90 4629 226 4688; x_wconf 85' lang='lat' dir='ltr'><strong>maxime</strong></span> <span class='ocrx_word' id='word_1_361' title='bbox 251 4631 282 4688; x_wconf 93' lang='lat' dir='ltr'><strong>in</strong></span> <span class='ocrx_word' id='word_1_362' title='bbox 310 4629 490 4688; x_wconf 85' lang='lat' dir='ltr'><strong>carminibus</strong></span> <span class='ocrx_word' id='word_1_363' title='bbox 517 4629 643 4688; x_wconf 85' lang='lat' dir='ltr'><strong>vetustis</strong></span> <span class='ocrx_word' id='word_1_364' title='bbox 670 4629 813 4688; x_wconf 87' lang='lat' dir='ltr'><strong>memoria</strong></span> <span class='ocrx_word' id='word_1_365' title='bbox 838 4629 880 4686; x_wconf 87' lang='lat' dir='ltr'><strong>ita</strong></span> <span class='ocrx_word' id='word_1_366' title='bbox 907 4629 1032 4700; x_wconf 86' lang='lat' dir='ltr'><strong>traditis,</strong></span> <span class='ocrx_word' id='word_1_367' title='bbox 1060 4636 1092 4686; x_wconf 95' lang='lat' dir='ltr'><strong>ut</strong></span> <span class='ocrx_word' id='word_1_368' title='bbox 1118 4629 1189 4705; x_wconf 89' lang='lat' dir='ltr'><strong>quid</strong></span> <span class='ocrx_word' id='word_1_369' title='bbox 1215 4629 1418 4706; x_wconf 88' lang='lat' dir='ltr'><strong>significarent</strong></span> 
     </span>
     <span class='ocr_line' id='line_1_36' title="bbox 92 4729 1419 4810; baseline 0.005 -24"><span class='ocrx_word' id='word_1_370' title='bbox 92 4732 145 4804; x_wconf 93' lang='lat' dir='ltr'><strong>qui</strong></span> <span class='ocrx_word' id='word_1_371' title='bbox 168 4749 206 4787; x_wconf 88' lang='lat' dir='ltr'><strong>ea</strong></span> <span class='ocrx_word' id='word_1_372' title='bbox 224 4732 390 4790; x_wconf 85' lang='lat' dir='ltr'><strong>recitabant</strong></span> <span class='ocrx_word' id='word_1_373' title='bbox 411 4750 502 4810; x_wconf 86' lang='lat' dir='ltr'><strong>saepe</strong></span> <span class='ocrx_word' id='word_1_374' title='bbox 524 4751 629 4808; x_wconf 87' lang='lat' dir='ltr'><strong>perum</strong></span> <span class='ocrx_word' id='word_1_375' title='bbox 651 4731 847 4808; x_wconf 86' lang='lat' dir='ltr'><strong>perciperent.</strong></span> <span class='ocrx_word' id='word_1_376' title='bbox 884 4729 957 4788; x_wconf 82' lang='lat' dir='ltr'><strong>Eius</strong></span> <span class='ocrx_word' id='word_1_377' title='bbox 981 4731 1092 4788; x_wconf 92' lang='lat' dir='ltr'><strong>abusus</strong></span> <span class='ocrx_word' id='word_1_378' title='bbox 1115 4730 1297 4791; x_wconf 89' lang='lat' dir='ltr'><strong>luculentum</strong></span> <span class='ocrx_word' id='word_1_379' title='bbox 1319 4753 1419 4793; x_wconf 84' lang='lat' dir='ltr'><strong>exem·</strong></span> 
     </span>
     <span class='ocr_line' id='line_1_37' title="bbox 90 4831 1418 4910; baseline 0.005 -22"><span class='ocrx_word' id='word_1_380' title='bbox 90 4831 178 4905; x_wconf 90' lang='lat' dir='ltr'><strong>plum</strong></span> <span class='ocrx_word' id='word_1_381' title='bbox 205 4852 299 4910; x_wconf 90' lang='lat' dir='ltr'><strong>neque</strong></span> <span class='ocrx_word' id='word_1_382' title='bbox 326 4833 423 4891; x_wconf 84' lang='lat' dir='ltr'><strong>adhuc</strong></span> <span class='ocrx_word' id='word_1_383' title='bbox 451 4835 480 4892; x_wconf 92' lang='lat' dir='ltr'><strong>ni</strong></span> <span class='ocrx_word' id='word_1_384' title='bbox 507 4833 597 4892; x_wconf 83' lang='lat' dir='ltr'><strong>fallor</strong></span> <span class='ocrx_word' id='word_1_385' title='bbox 623 4833 904 4892; x_wconf 86' lang='lat' dir='ltr'><strong>satis&#39;intellectum</strong></span> <span class='ocrx_word' id='word_1_386' title='bbox 929 4851 1063 4908; x_wconf 85' lang='lat' dir='ltr'><strong>promam</strong></span> <span class='ocrx_word' id='word_1_387' title='bbox 1092 4851 1131 4890; x_wconf 85' lang='lat' dir='ltr'><strong>ex</strong></span> <span class='ocrx_word' id='word_1_388' title='bbox 1156 4834 1266 4893; x_wconf 87' lang='lat' dir='ltr'><strong>tabulis</strong></span> <span class='ocrx_word' id='word_1_389' title='bbox 1294 4835 1418 4894; x_wconf 88' lang='lat' dir='ltr'><strong>fratrum</strong></span> 
     </span>
     <span class='ocr_line' id='line_1_38' title="bbox 92 4934 1418 5013; baseline 0.007 -25"><span class='ocrx_word' id='word_1_390' title='bbox 92 4934 262 4995; x_wconf 87' lang='lat' dir='ltr'><strong>Arvalium.</strong></span> <span class='ocrx_word' id='word_1_391' title='bbox 308 4935 379 4993; x_wconf 89' lang='lat' dir='ltr'><strong>Voti</strong></span> <span class='ocrx_word' id='word_1_392' title='bbox 407 4955 525 4994; x_wconf 89' lang='lat' dir='ltr'><strong>carmen</strong></span> <span class='ocrx_word' id='word_1_393' title='bbox 552 4936 695 4995; x_wconf 89' lang='lat' dir='ltr'><strong>sollemne</strong></span> <span class='ocrx_word' id='word_1_394' title='bbox 721 4935 956 5012; x_wconf 88' lang='lat' dir='ltr'><strong>componendum</strong></span> <span class='ocrx_word' id='word_1_395' title='bbox 990 4935 1096 5011; x_wconf 90' lang='lat' dir='ltr'><strong>opinor</strong></span> <span class='ocrx_word' id='word_1_396' title='bbox 1122 4955 1189 4994; x_wconf 90' lang='lat' dir='ltr'><strong>curn</strong></span> <span class='ocrx_word' id='word_1_397' title='bbox 1219 4944 1292 4995; x_wconf 86' lang='lat' dir='ltr'><strong>nota</strong></span> <span class='ocrx_word' id='word_1_398' title='bbox 1317 4956 1418 5013; x_wconf 89' lang='lat' dir='ltr'><strong>preca·</strong></span> 
     </span>
     <span class='ocr_line' id='line_1_39' title="bbox 92 5013 1419 5116; baseline 0.008 -27"><span class='ocrx_word' id='word_1_399' title='bbox 92 5036 178 5094; x_wconf 88' lang='lat' dir='ltr'><strong>tione</strong></span> <span class='ocrx_word' id='word_1_400' title='bbox 193 5013 361 5096; x_wconf 81' lang='lat' dir='ltr'><strong>Catoniana</strong></span> <span class='ocrx_word' id='word_1_401' title='bbox 375 5037 424 5112; x_wconf 91' lang='lat' dir='ltr'><strong>(de</strong></span> <span class='ocrx_word' id='word_1_402' title='bbox 439 5059 462 5096; x_wconf 92' lang='lat' dir='ltr'><strong>r.</strong></span> <span class='ocrx_word' id='word_1_403' title='bbox 478 5060 502 5097; x_wconf 88' lang='lat' dir='ltr'><strong>r.</strong></span> <span class='ocrx_word' id='word_1_404' title='bbox 525 5035 654 5114; x_wconf 79' lang='lat' dir='ltr'><strong>c.132):</strong></span> <span class='ocrx_word' id='word_1_405' title='bbox 678 5039 810 5114; x_wconf 83' lang='lat' dir='ltr'><strong>Iuppiter</strong></span> <span class='ocrx_word' id='word_1_406' title='bbox 825 5037 951 5113; x_wconf 77' lang='lat' dir='ltr'><strong>dapalis,</strong></span> <span class='ocrx_word' id='word_1_407' title='bbox 973 5047 1062 5096; x_wconf 85' lang='lat' dir='ltr'><strong>macte</strong></span> <span class='ocrx_word' id='word_1_408' title='bbox 1083 5037 1136 5096; x_wconf 85' lang='lat' dir='ltr'><strong>lac</strong></span> <span class='ocrx_word' id='word_1_409' title='bbox 1157 5037 1243 5096; x_wconf 81' lang='lat' dir='ltr'><strong>illane</strong></span> <span class='ocrx_word' id='word_1_410' title='bbox 1263 5041 1337 5114; x_wconf 85' lang='lat' dir='ltr'><strong>dape</strong></span> <span class='ocrx_word' id='word_1_411' title='bbox 1353 5041 1419 5116; x_wconf 85' lang='lat' dir='ltr'><strong>pol-</strong></span> 
     </span>
     <span class='ocr_line' id='line_1_40' title="bbox 94 5135 1419 5217; baseline 0.007 -26"><span class='ocrx_word' id='word_1_412' title='bbox 94 5135 215 5196; x_wconf 79' lang='lat' dir='ltr'><strong>lacendc</strong></span> <span class='ocrx_word' id='word_1_413' title='bbox 237 5151 303 5210; x_wconf 79' lang='lat' dir='ltr'><strong>esto,</strong></span> <span class='ocrx_word' id='word_1_414' title='bbox 325 5140 410 5198; x_wconf 89' lang='lat' dir='ltr'><strong>item:</strong></span> <span class='ocrx_word' id='word_1_415' title='bbox 431 5141 563 5216; x_wconf 80' lang='lat' dir='ltr'><strong>Iuppiter</strong></span> <span class='ocrx_word' id='word_1_416' title='bbox 577 5140 704 5217; x_wconf 81' lang='lat' dir='ltr'><strong>dapalis,</strong></span> <span class='ocrx_word' id='word_1_417' title='bbox 725 5151 812 5199; x_wconf 77' lang='lat' dir='ltr'><strong>nancte</strong></span> <span class='ocrx_word' id='word_1_418' title='bbox 833 5143 898 5198; x_wconf 86' lang='lat' dir='ltr'><strong>aino</strong></span> <span class='ocrx_word' id='word_1_419' title='bbox 919 5141 1021 5213; x_wconf 79' lang='lat' dir='ltr'><strong>inferio</strong></span> <span class='ocrx_word' id='word_1_420' title='bbox 1043 5149 1100 5198; x_wconf 76' lang='lat' dir='ltr'><strong>ecto</strong></span> <span class='ocrx_word' id='word_1_421' title='bbox 1123 5139 1152 5196; x_wconf 93' lang='lat' dir='ltr'><strong>iu</strong></span> <span class='ocrx_word' id='word_1_422' title='bbox 1175 5141 1248 5198; x_wconf 87' lang='lat' dir='ltr'><strong>actis</strong></span> <span class='ocrx_word' id='word_1_423' title='bbox 1270 5141 1331 5199; x_wconf 87' lang='lat' dir='ltr'><strong>illie</strong></span> <span class='ocrx_word' id='word_1_424' title='bbox 1355 5159 1419 5200; x_wconf 86' lang='lat' dir='ltr'><strong>eae·</strong></span> 
     </span>
     <span class='ocr_line' id='line_1_41' title="bbox 93 5239 1419 5318; baseline 0.008 -25"><span class='ocrx_word' id='word_1_425' title='bbox 93 5239 167 5296; x_wconf 89' lang='lat' dir='ltr'><strong>culo</strong></span> <span class='ocrx_word' id='word_1_426' title='bbox 189 5241 293 5316; x_wconf 90' lang='lat' dir='ltr'><strong>primo,</strong></span> <span class='ocrx_word' id='word_1_427' title='bbox 316 5241 430 5300; x_wconf 86' lang='lat' dir='ltr'><strong>scilicet</strong></span> <span class='ocrx_word' id='word_1_428' title='bbox 451 5244 489 5300; x_wconf 90' lang='lat' dir='ltr'><strong>ab</strong></span> <span class='ocrx_word' id='word_1_429' title='bbox 511 5263 537 5301; x_wconf 87' lang='lat' dir='ltr'><strong>a.</strong></span> <span class='ocrx_word' id='word_1_430' title='bbox 556 5241 592 5300; x_wconf 87' lang='grc'><strong>27</strong></span> <span class='ocrx_word' id='word_1_431' title='bbox 616 5240 752 5317; x_wconf 69' lang='grc'>(01.1.</span> <span class='ocrx_word' id='word_1_432' title='bbox 766 5241 819 5311; x_wconf 88' lang='lat' dir='ltr'><strong>Vl,</strong></span> <span class='ocrx_word' id='word_1_433' title='bbox 836 5241 947 5318; x_wconf 88' lang='grc'>2024),</span> <span class='ocrx_word' id='word_1_434' title='bbox 969 5242 1018 5300; x_wconf 94' lang='lat' dir='ltr'><strong>ubi</strong></span> <span class='ocrx_word' id='word_1_435' title='bbox 1041 5243 1169 5317; x_wconf 89' lang='lat' dir='ltr'><strong>primurn</strong></span> <span class='ocrx_word' id='word_1_436' title='bbox 1192 5251 1342 5301; x_wconf 85' lang='lat' dir='ltr'><strong>servatum</strong></span> <span class='ocrx_word' id='word_1_437' title='bbox 1364 5252 1419 5318; x_wconf 88' lang='lat' dir='ltr'><strong>est,</strong></span> 
     </span>
    </p>
   </div>
   <div class='ocr_carea' id='block_1_15' title="bbox 95 5340 1419 5504">
    <p class='ocr_par' dir='ltr' id='par_1_16' title="bbox 95 5340 1419 5504">
     <span class='ocr_line' id='line_1_42' title="bbox 95 5340 1419 5422; baseline 0.007 -27"><span class='ocrx_word' id='word_1_438' title='bbox 95 5340 135 5396; x_wconf 85' lang='lat' dir='ltr'><strong>ad</strong></span> <span class='ocrx_word' id='word_1_439' title='bbox 157 5359 186 5398; x_wconf 85' lang='lat' dir='ltr'><strong>a.</strong></span> <span class='ocrx_word' id='word_1_440' title='bbox 199 5361 293 5420; x_wconf 87' lang='lat' dir='ltr'><strong>usque</strong></span> <span class='ocrx_word' id='word_1_441' title='bbox 309 5342 359 5417; x_wconf 83' lang='lat'><strong>87,</strong></span> <span class='ocrx_word' id='word_1_442' title='bbox 385 5343 530 5403; x_wconf 84' lang='lat' dir='ltr'><strong>formatur</strong></span> <span class='ocrx_word' id='word_1_443' title='bbox 549 5345 588 5404; x_wconf 88' lang='lat' dir='ltr'><strong>ad</strong></span> <span class='ocrx_word' id='word_1_444' title='bbox 607 5345 664 5402; x_wconf 90' lang='lat' dir='ltr'><strong>hoc</strong></span> <span class='ocrx_word' id='word_1_445' title='bbox 683 5344 867 5422; x_wconf 83' lang='lat' dir='ltr'><strong>exemplum:</strong></span> <span class='ocrx_word' id='word_1_446' title='bbox 892 5344 1035 5420; x_wconf 79' lang='lat' dir='ltr'><strong>Iuppiter,</strong></span> <span class='ocrx_word' id='word_1_447' title='bbox 1056 5345 1106 5402; x_wconf 79' lang='lat' dir='ltr'><strong>titi</strong></span> <span class='ocrx_word' id='word_1_448' title='bbox 1125 5345 1192 5403; x_wconf 80' lang='lat' dir='ltr'><strong>tone</strong></span> <span class='ocrx_word' id='word_1_449' title='bbox 1210 5355 1313 5406; x_wconf 82' lang='lat' dir='ltr'><strong>aurato</strong></span> <span class='ocrx_word' id='word_1_450' title='bbox 1332 5365 1419 5407; x_wconf 85' lang='lat' dir='ltr'><strong>oooeo</strong></span> 
     </span>
     <span class='ocr_line' id='line_1_43' title="bbox 184 5443 1216 5504; baseline 0.003 -4"><span class='ocrx_word' id='word_1_451' title='bbox 184 5443 226 5500; x_wconf 87' lang='lat' dir='ltr'><strong>IV</strong></span> <span class='ocrx_word' id='word_1_452' title='bbox 1179 5447 1216 5504; x_wconf 85' lang='lat'><strong>15</strong></span> 
     </span>
    </p>
   </div>
   <div class='ocr_carea' id='block_1_16' title="bbox 0 0 1814 5968">
    <p class='ocr_par' dir='ltr' id='par_1_17' title="bbox 0 0 1814 5968">
     <span class='ocr_line' id='line_1_44' title="bbox 0 0 1814 5968; baseline 0 1"><span class='ocrx_word' id='word_1_453' title='bbox 0 0 1814 5968; x_wconf 95' lang='lat' dir='ltr'><strong> </strong></span> 
     </span>
    </p>
   </div>
  </div>
 </body>
</html>
