3770 5970
577 665 810 718 MACEDONIA·
839 665 1015 717 THRACIA.

678 938 907 1015 THRAOIA.

519 1147 807 1210 suuorfluaoc
830 1147 874 1223 (p.
894 1146 961 1206 129.
980 1145 1064 1222 eoo).

130 1334 180 1392 tta
200 1334 333 1394 eiusdem
355 1335 434 1394 tituli
456 1335 559 1412 scripti
582 1337 613 1393 iu
637 1354 783 1394 marmore
806 1353 941 1394 convexo
956 1335 1125 1410 fragmenta
1140 1333 1210 1404 duo,
1232 1351 1296 1408 rep.
1313 1331 1342 1388 in
1359 1330 1457 1389 insuia

167 1435 358 1496 Samothrace
384 1458 478 1516 prope
506 1437 609 1496 aedem
639 1439 797 1496 rotundam
820 1437 941 1516 reginae
964 1435 1127 1506 Arsinoes3
1154 1433 1455 1494 hodieViudobonue

168 1538 315 1598 destinata
340 1558 443 1599 museo
466 1540 595 1616 publico.

358 1811 536 1904 us'omvs
567 1866 574 1925 f
604 1845 680 1905 ιον

358 2065 681 2109 GLABRIONE
716 2080 733 2110 c.
767 2068 850 2109 teutria

356 2168 528 2223 ToaQyATo
557 2168 617 2212 <305
640 2183 647 2197 ·

299 2273 311 2312 a
352 2219 474 2418 Ᾰιξη
503 2252 658 2314 acciria
688 2277 712 2312 u

427 2371 677 2415 evasurum-vr

1143 2673 1216 2720 ctio

726 2783 798 2824 ιν·
821 2779 982 2824 ενκτιιινε
1005 2793 1012 2807 ·
1036 2778 1216 2824 commoovs

687 2886 701 2928 s
730 2868 847 2927 cicroa
871 2882 890 2925 c
915 2865 1026 2925 Fimvs
1050 2864 1215 2926 uuoruidu

646 3173 768 3233 cu'avs
810 3171 968 3232 uvaurais
1000 3203 1007 3217 ·
1042 3171 1216 3233 raurrosvs

618 3300 677 3345 arose
700 3275 732 3334 is
753 3307 760 3321 ·
782 3275 976 3335 ulctruorvs
997 3305 1003 3318 ·
1022 3272 1212 3336 Cauiisridu

112 4014 276 4094 Deseripai.
325 4015 381 4073 Ed.
409 4011 508 4073 conze
536 4011 765 4088 archiolopiache
791 4009 1041 4086 Ueterauchuupen
1064 4014 1121 4086 uus
1140 4008 1330 4071 Samothrulca
1356 4013 1449 4098 (viu-

112 4117 243 4176 dobonae
265 4116 361 4192 1875)
384 4137 413 4193 p.
430 4117 467 4174 37
493 4116 550 4174 tab.
569 4113 607 4173 72
629 4133 696 4172 oum
718 4112 930 4172 commentario
953 4111 1074 4171 Ottonis
1090 4111 1273 4172 Hirschfeld.

149 4220 185 4280 12
198 4223 251 4280 tin.
276 4237 387 4277 nomen
403 4237 460 4276 nou
476 4218 549 4277 satis
564 4217 687 4294 legitur;
707 4215 825 4274 videtur
839 4215 932 4274 fuisse
949 4213 979 4274 C.
997 4214 1122 4274 Amaoil.
1139 4217 1200 4292 (vei
1216 4216 1356 4294 Amupil.)
1372 4219 1449 4278 Isia-

111 4341 168 4380 uua.
205 4319 435 4382 Hirschfeldios
460 4319 598 4378 dubitans
621 4318 694 4395 legit
715 4331 906 4377 c·atuuc1u·
921 4331 1025 4375 viem.
1043 4350 1081 4360 -
1105 4316 1140 4375 In
1162 4319 1309 4396 principio
1333 4321 1450 4381 videtur

111 4445 201 4485 auuua
225 4422 423 4484 determinari
446 4431 506 4480 tam
529 4422 692 4480 secuudum
716 4419 839 4478 sacrarii
856 4419 921 4476 eius
938 4420 1092 4495 praesides
1108 4438 1196 4496 quam
1213 4440 1295 4480 more
1311 4422 1448 4482 Romano

110 4529 270 4586 secundum
301 4525 458 4594 consulem
486 4542 582 4600 neque
609 4523 742 4601 ignotum
765 4531 812 4580 est
834 4518 1045 4581 Samothracae
1068 4540 1215 4581 summum
1239 4525 1446 4600 magistratum

110 4629 185 4703 (Liv.
202 4629 257 4700 45,
275 4627 311 4703 5)
334 4626 518 4702 eundemque
541 4644 720 4704 eponymum
744 4623 854 4682 dictum
878 4641 946 4682 asae
966 4641 1075 4700 regem.
1112 4624 1210 4701 Reges
1233 4634 1330 4685 autem
1347 4629 1448 4704 plura-

109 4732 164 4788 tivo
190 4749 321 4790 numero
344 4747 398 4786 our
419 4728 582 4806 procedunt
603 4746 707 4804 parum
730 4735 871 4804 apparet,
899 4746 953 4786 nec
976 4727 1147 4785 nominibus
1169 4726 1285 4787 duobus
1307 4730 1447 4806 supplen-

108 4833 148 4890 dis
171 4833 310 4910 spatium
334 4830 454 4889 sufficit.
475 4863 518 4875 -
549 4831 584 4889 13
609 4830 687 4906 quod
710 4829 915 4887 commendavi
937 4845 1032 4887 murrum
1056 4829 1102 4887 vel
1126 4847 1174 4887 rtem
1196 4847 1254 4888 ami
1277 4849 1311 4888 eo
1334 4833 1446 4906 nititur,

106 4937 180 5010 quod
196 4953 280 5013 quae
296 4933 479 5011 praecedunt
494 4932 615 4990 nomina
636 4932 798 4990 liberorum
822 4939 900 5004 suot,
925 4950 1077 4990 servorum
1102 4942 1293 5008 actamquae
1317 4952 1444 5010 sequun-

106 5047 156 5095 tur.
200 5034 434 5096 Hirschfeldius
457 5035 595 5094 similiter
616 5034 773 5111 proposuit
791 5051 920 5105 praeierat,
946 5034 1087 5110 quoniam
1110 5024 1270 5090 ἀκόλουθοι
1293 5035 1444 5112 reperiun-

105 5150 148 5197 tur
172 5140 205 5198 in
237 5137 340 5198 titolis
370 5136 517 5196 similibus
546 5134 673 5197 Graecis
700 5137 792 5196 vol.l
824 5157 851 5194 n.
869 5135 938 5195 580.
960 5136 1035 5207 5813
1066 5135 1118 5194 sed
1144 5137 1175 5194 id
1202 5137 1378 5196 vocabulum
1406 5137 1446 5195 ad

103 5240 332 5318 discriptionem
360 5239 527 5299 officiorum
553 5239 784 5298 domesticorum
812 5239 963 5316 pertinens
991 5239 1056 5298 eius
1083 5238 1202 5316 generis
1229 5239 1317 5298 titulo
1340 5258 1444 5316 parum

101 5357 198 5420 aptum
222 5350 284 5404 est.
