3684 5984
443 607 516 678 394
1045 629 1169 681 cavan

445 730 610 738 -——-

505 801 575 860 296.
609 800 644 861 C.
672 802 769 860 Iulius
797 801 926 862 Severus
955 803 1092 878 cas(tris)
1121 803 1162 861 bs.
1187 824 1232 880 pr.
1259 836 1299 846 -
1332 806 1430 856 Castris
1448 807 1665 857 Lambaesitanis.
1698 808 1765 864 VIII.

440 901 522 967 9568,
544 907 578 954 84
599 926 632 946 =
654 906 717 956 lien.
740 909 801 958 129.

505 1003 574 1063 997.
609 1005 750 1064 Manilius
774 1006 957 1065 Fortunatus
980 1007 1021 1066 hi,
1045 1027 1106 1084 pre.
1160 1011 1303 1060 Lambaesi.
1333 1037 1366 1045 -
1397 1011 1480 1074 VIII,
1501 1009 1571 1062 2937
1598 1032 1632 1052 =
1659 1013 1690 1064 R.
1711 1015 1766 1062 953.

441 1107 543 1172 [Potest
562 1111 623 1159 item
643 1111 723 1176 accipi
744 1111 776 1160 de
796 1112 959 1162 beneficiario
979 1113 1114 1177 praesidis.
1152 1111 1202 1162 Th.
1223 1110 1272 1174 Μ.]

504 1198 574 1258 098.
810 1202 850 1259 bf.
873 1222 918 1279 pr.
941 1235 981 1244 -
1005 1203 1087 1254 Castr.
1107 1204 1197 1254 Lamb.
1218 1230 1251 1238 -
1272 1205 1348 1266 VIII,
1370 1205 1450 1267 2508,
1474 1209 1485 1256 1
1509 1226 1543 1247 =
1562 1205 1628 1257 Ren.
1653 1208 1714 1256 129.

524 1303 631 1360 Restat
653 1322 729 1361 unus
753 1304 855 1362 titulus
878 1305 1008 1362 incertae
1030 1303 1165 1380 originis,
1188 1305 1218 1361 in
1242 1323 1301 1380 quo
1324 1313 1577 1363 commemoratur

504 1403 573 1463 299.
609 1405 648 1462 M.
672 1406 814 1464 Aurelius
832 1407 983 1466 Veronius
1001 1406 1096 1464 Verus
1119 1427 1165 1482 pe.
1189 1406 1342 1482 praefecti,
1368 1441 1406 1450 —
1428 1409 1472 1460 Br.
1494 1409 1574 1470 1969,

441 1508 491 1582 qui
514 1509 539 1565 si
563 1517 639 1565 recte
661 1527 680 1565 a
701 1507 902 1566 Brambachio
925 1519 955 1566 et
977 1509 1222 1578 emendaturus,
1245 1518 1277 1565 ut
1299 1508 1405 1568 silbe.
1430 1509 1542 1586 (potius
1561 1527 1653 1585 quam
1668 1509 1767 1568 Bram-

440 1610 538 1666 bachii
555 1610 611 1686 hs.)
635 1611 787 1688 praefecti
810 1623 839 1668 et
858 1621 993 1688 repertus
1015 1629 1083 1669 esse
1105 1619 1226 1688 putatur
1241 1629 1332 1686 prope
1348 1609 1460 1669 Castra
1475 1610 1596 1686 Vetera,
1618 1613 1659 1682 is,
1680 1633 1700 1670 a
1713 1633 1766 1689 quo

439 1712 582 1770 Aurelius
605 1713 780 1771 beneficium
802 1714 925 1788 accepit,
949 1713 1114 1788 praefectus
1137 1721 1302 1770 castrorum
1325 1712 1418 1770 fuisse
1440 1713 1660 1772 existimandus
1682 1725 1737 1772 est.

523 1814 564 1890 Ε)
617 1815 768 1874 Praefecti
805 1815 970 1874 cohortium
1007 1815 1197 1873 auxiliarium
1236 1825 1332 1874 utrum
1371 1815 1576 1875 beneficiarios
1613 1817 1766 1876 habuerint

439 1936 541 1988 necne,
564 1918 709 1988 incertum
732 1927 788 1976 est.
827 1918 896 1976 Duo
919 1929 1016 1976 tamen
1037 1927 1158 1976 exstant
1172 1917 1261 1984 tituli,
1284 1917 1392 1992 quibus
1407 1919 1464 1976 hoc
1479 1919 1598 1995 probari
1622 1919 1765 1978 rideatur:

503 2021 572 2078 300.
710 2018 902 2097 [Calp]urnio
925 2019 960 2078 L.
985 2019 1054 2094 [s.]?
1079 2020 1195 2090 ubusni,
1218 2020 1279 2077 mil.
1299 2021 1365 2077 coh.
1382 2019 1397 2076 I
1413 2019 1562 2096 Tungror.
1585 2021 1655 2096 b[f.]
1678 2023 1765 2099 praei.

440 2124 584 2174 Borcorici.
622 2125 683 2186 VII,
705 2125 766 2173 691.

503 2223 571 2281 301.
607 2221 766 2283 Geminius
794 2223 974 2284 Saturninus
1004 2225 1033 2282 b.
1062 2225 1156 2299 praei.
1184 2225 1252 2300 stip.
1276 2225 1410 2284 XVIIII.
1440 2258 1478 2268 -
1508 2228 1618 2278 Arriae.
1640 2255 1675 2264 -
1696 2229 1764 2281 IIII.

439 2329 509 2378 9057
530 2349 563 2369 =
582 2327 646 2378 Reu.
661 2329 741 2378 3585.
773 2329 841 2380 Nam
861 2345 919 2378 cnm
938 2329 1116 2378 beneficiarius
1136 2330 1257 2394 praetecti
1277 2330 1384 2394 legionis
1403 2330 1445 2380 111
1465 2331 1598 2395 Augustae
1618 2330 1647 2380 in
1667 2331 1765 2380 hisare·

438 2421 509 2470 tania
532 2423 684 2470 constitutus
708 2436 863 2486 magnopere
887 2421 1010 2484 offendat,
1041 2421 1197 2487 praelectum
1227 2421 1283 2470 alae
1315 2421 1460 2471 cohortisre
1489 2422 1694 2487 intellegendum
1717 2437 1765 2470 esse

438 2515 615 2566 Mommsenus
635 2521 728 2563 eeuset.
768 2511 829 2575 [Hic
854 2521 878 2562 et
902 2514 969 2562 alter
992 2531 1017 2562 n.
1037 2515 1088 2562 298
1115 2529 1172 2562 eum
1192 2514 1296 2562 reniant
1317 2529 1348 2563 ex
1369 2515 1499 2574 laterculo,
1526 2531 1566 2579 pr.
1586 2515 1620 2564 de
1639 2515 1765 2580 praeferto

438 2617 506 2656 reete
526 2607 659 2670 accipitur.
697 2606 748 2656 Th.
767 2605 817 2668 Μ.]

522 2697 577 2756 vl.
622 2696 835 2755 Beneficiarios
861 2696 1045 2755 tribunorum
1075 2696 1170 2774 primo
1202 2697 1269 2755 loco
1301 2697 1388 2774 posui
1421 2715 1488 2768 eos,
1519 2698 1569 2774 qui
1597 2717 1619 2754 a
1643 2700 1764 2758 tribunis

438 2801 600 2876 legionum,
623 2799 728 2871 altero,
751 2799 801 2873 qui
824 2818 842 2856 a
864 2798 992 2857 tribunis
1015 2799 1178 2857 cohortium
1201 2799 1348 2857 beneficia
1369 2809 1555 2875 acceperunt.

522 2901 563 2976 A)
608 2901 760 2960 Tribunos
783 2901 944 2978 legionum,
972 2919 1150 2976 quamquam
1178 2921 1280 2959 eorum
1308 2921 1425 2977 qnoque
1452 2903 1535 2960 varia
1554 2921 1670 2978 genera
1693 2915 1767 2971 sunt,

437 3005 469 3063 in
484 3005 691 3064 enumerandis
713 3005 909 3062 beneficiariis
932 3022 991 3060 non
1015 3003 1150 3074 distinxi,
1173 3005 1324 3078 quianon
1348 3005 1409 3062 reri
1432 3005 1527 3063 simile
1549 3014 1596 3062 est
1616 3006 1710 3064 etiam
1724 3005 1768 3062 ius

438 3107 647 3166 beneficiorum
670 3107 834 3164 dandorum
857 3124 949 3182 penes
972 3124 1024 3162 eos
1047 3106 1198 3164 diversum
1222 3103 1365 3183 sulsse1).
1409 3105 1516 3182 Neque
1537 3109 1630 3180 enlm,
1653 3109 1681 3166 si
1704 3111 1769 3184 quis

437 3211 466 3268 in
489 3211 565 3268 hanc
587 3229 648 3268 rem
670 3209 821 3286 inquirere
844 3208 934 3278 volet,
957 3208 983 3264 ei
1007 3207 1127 3266 difficile
1149 3209 1207 3265 erit
1228 3207 1377 3286 exempla,
1399 3227 1525 3284 quorum
1543 3229 1690 3270 numerus
1705 3229 1770 3286 par·
1833 3233 1834 3250 ¹

437 3331 493 3370 rus
515 3323 570 3383 est,
595 3331 672 3369 noro
695 3310 798 3369 ordine
821 3328 1008 3386 componere.
1051 3309 1169 3368 Initium
1198 3310 1252 3366 feei
1280 3311 1317 3368 ab
1344 3312 1388 3368 ela
1416 3311 1614 3370 beneficiariIs
1637 3313 1768 3370 tribuno-

438 3435 514 3485 rum,
536 3433 664 3490 quorum
685 3413 818 3489 legiones
842 3412 1011 3487 adscriptae
1033 3421 1110 3471 sunt.

501 3516 571 3576 302.
604 3514 723 3591 Ael(io)
733 3514 893 3573 Valeriano
905 3515 945 3571 bf.
959 3515 1026 3572 trib.
1039 3514 1095 3591 leg.
1105 3515 1121 3572 I
1133 3515 1191 3574 adi.
1204 3515 1402 3592 stip.xvlli,
1416 3517 1491 3574 vixit
1505 3535 1573 3576 ann.
1584 3498 1769 3576 XXXVIII.

437 3618 562 3696 Iul(ius)
585 3617 749 3678 Oratianus
771 3618 812 3675 hl.
834 3618 900 3675 trib.
924 3617 981 3692 leg.
1005 3616 1147 3674 eiusdem.
1172 3651 1209 3659 -
1233 3635 1258 3684 p.
1279 3620 1309 3670 C.
1330 3621 1392 3669 243.
1424 3621 1558 3685 insyria.
1596 3623 1646 3684 ΠΙ,
1673 3622 1735 3672 196.

500 3723 571 3780 303.
603 3721 660 3779 Iul.
688 3719 831 3778 Tatuloni
857 3719 916 3776 mil.
943 3719 1000 3794 leg.
1028 3719 1059 3777 II
1087 3719 1133 3776 ad.
1161 3719 1248 3795 [bii]
1276 3719 1382 3778 tribun.
1409 3753 1450 3763 -
1478 3719 1539 3780 vix.
1569 3740 1638 3780 anu.
1667 3720 1765 3780 XLV.

438 3825 744 3892 Aqnnu.1u,355a

501 3927 571 3984 304.
605 3923 827 3983 CornIcularius
852 3935 882 3982 et
902 3923 1145 4000 b(ene)s(iciurii)
1169 3925 1236 3982 trib.
1252 3924 1396 3983 latIclavii
1412 3925 1473 3984 mil.
1489 3925 1545 4001 leg.
1563 3928 1671 3986 tertiae
1688 3930 1766 4002 Aug.

437 4049 467 4107 p.
491 4048 517 4086 r.
542 4047 580 4086 ex
603 4047 672 4085 arca
695 4045 749 4084 sua
771 4026 915 4098 iecerunt,
942 4045 1066 4102 quorum
1094 4027 1216 4085 uomina
1236 4027 1368 4086 sublecta
1390 4037 1469 4086 sunt.
1492 4061 1532 4071 -
1555 4031 1705 4096 Sequuntur
1725 4047 1768 4079 no

437 4192 637 4202 ——-—-—-—-—a

534 4304 556 4367 ¹)
588 4301 682 4365 [Immo
702 4309 760 4353 sunt
779 4317 844 4367 quae
864 4301 973 4367 probare
993 4303 1128 4352 rideantur
1147 4319 1198 4352 non
1218 4304 1337 4352 omnibus
1356 4303 1487 4367 legionum
1507 4304 1617 4354 tribunis
1630 4303 1768 4353 beneficia-

438 4399 491 4448 rios
510 4397 647 4446 attributos
665 4411 729 4456 esse,
749 4395 794 4444 scd
814 4395 875 4444 solis
894 4395 993 4444 ordinis
1012 4395 1143 4457 senatorii,
1163 4395 1191 4444 id
1210 4403 1249 4443 est
1266 4395 1402 4444 latit-lariis
1422 4397 1462 4445 rel
1481 4397 1657 4457 remeantum,
1679 4397 1700 4445 si
1714 4397 1768 4460 qui-

438 4491 496 4540 dem
516 4491 563 4540 hos
582 4504 682 4539 sumere
701 4489 760 4538 lieet
780 4488 884 4538 nomine
902 4488 958 4536 solo
978 4487 1090 4536 diderre.
1119 4487 1207 4538 Movet
1220 4503 1268 4547 me,
1290 4488 1359 4553 quod
1378 4489 1403 4537 in
1424 4489 1548 4538 laterculo
1568 4489 1767 4538 Lambaesitaun

406 4591 409 4598 '
438 4600 464 4634 n.
479 4583 531 4633 307
551 4590 653 4648 praeter
671 4580 849 4631 beneficiarios
868 4579 993 4644 praesidis
1005 4580 1053 4628 soli
1067 4579 1162 4629 tribuni
1181 4581 1309 4630 semestris
1329 4591 1519 4642 enumerantur,
1539 4597 1607 4642 cum,
1627 4582 1768 4645 sireliquis

438 4691 539 4742 quoque
559 4676 668 4740 legionis
686 4673 795 4723 tribunis
813 4671 969 4724 beneficiarii
988 4672 1128 4734 affuissent,
1154 4673 1173 4721 ii
1195 4688 1241 4721 rur
1258 4673 1346 4722 omissi
1366 4673 1417 4722 siut
1436 4689 1515 4724 causa
1539 4672 1612 4722 nulla
1634 4683 1768 4739 appareat.

438 4770 527 4822 Simile
547 4767 669 4833 quiddam
690 4767 789 4815 obtinet
812 4765 844 4814 de
870 4765 951 4812 titulis
974 4764 1073 4814 duobus
1093 4781 1118 4814 n.
1139 4765 1200 4813 304.
1221 4765 1273 4814 305
1293 4779 1309 4814 a
1328 4764 1499 4816 beneficiariis
1518 4765 1644 4816 dedicatis
1664 4767 1767 4816 tribuno

437 4862 575 4912 laticlavio.
607 4858 683 4920 Quod
703 4859 727 4907 in
748 4857 828 4906 titulis
846 4857 1066 4906 beneficiariorum
1086 4857 1280 4906 tribuniciorum
1301 4871 1485 4922 saepenumero
1504 4857 1621 4908 tribunus
1636 4859 1709 4908 solus
1724 4875 1766 4906 n·-

438 4956 557 5014 minatur‚
583 4965 635 5002 non
659 4951 756 5007 obstat;
785 4964 844 4997 nam
864 4950 986 4998 senatorii
1006 4950 1105 5000 ordinis
1124 4949 1168 4998 diu
1187 4950 1278 4998 eodem
1299 4951 1402 5000 nominc
1422 4957 1498 5015 atque
1518 4950 1611 5015 reliqui
1630 4951 1768 5000 utebantur

438 5061 519 5111 neque
534 5059 645 5109 unquam
658 5042 780 5093 laticlarii
794 5043 955 5090 semestrisre
969 5042 1107 5106 appellatio
1121 5041 1157 5089 ita
1169 5042 1284 5103 invaluit,
1305 5051 1333 5091 ut
1350 5044 1493 5092 communis
1509 5041 1650 5092 tolleretur.
1683 5043 1768 5092 Causa

437 5233 478 5280 dis
497 5231 578 5296 magis
597 5235 711 5278 versatos
730 5241 785 5276 esse
804 5241 880 5291 quam
900 5227 926 5276 in
948 5225 1071 5275 militibus
1091 5227 1209 5290 regendis
1231 5235 1255 5275 et
1274 5227 1310 5276 ita
1329 5227 1424 5276 Iactum
1444 5241 1507 5288 esse,
1534 5235 1562 5277 ut
1580 5229 1598 5277 ii
1618 5227 1667 5276 soli
1688 5228 1767 5274 bene·

437 5324 593 5374 ficiariorum
613 5337 692 5387 opera
710 5320 862 5382 indigerent.
900 5319 990 5372 Simile
1010 5319 1132 5383 quiddam
1152 5320 1236 5370 evenit
1255 5320 1282 5369 ln
1301 5320 1480 5370 corniculario.
1519 5321 1570 5372 Th.
1590 5319 1639 5384 Iu]

438 5141 492 5188 eius
511 5137 670 5188 differentiae
689 5149 816 5199 quaenam
835 5133 912 5182 inerit
930 5135 951 5181 si
971 5135 1081 5198 qnaeris,
1108 5135 1260 5183 crediderim
1280 5135 1422 5184 latielarios
1441 5137 1467 5184 in
1487 5135 1564 5184 rebus
1583 5135 1766 5185 administran-
1829 5159 1830 5164 =
