3770 5970
567 707 620 758 an
646 708 801 760 rmvnos
828 707 1023 760 arseauos.
1436 687 1457 758 5

115 901 205 941 unum
234 901 273 940 ex
302 881 392 958 legati
422 881 580 940 comitibus
607 884 763 959 parentela
789 889 862 958 puto
890 898 956 938 cum
979 897 1014 937 eo
1037 879 1227 940 coniunctum
1250 890 1280 940 et
1301 880 1456 958 dignitatis

116 985 256 1044 celsioris
278 983 440 1056 hominem,
468 983 592 1042 morbus
614 983 655 1043 ibi
677 983 881 1060 corripuisset
926 980 991 1040 lam
1014 991 1101 1042 antea
1123 983 1245 1042 Matrito
1268 981 1456 1060 Olisiponem

114 1086 344 1163 proficiscentes
367 1103 403 1144 eo
425 1086 621 1157 deverterant,
644 1086 839 1162 antiquitates
862 1094 960 1145 autern
982 1083 1040 1142 loci
1061 1086 1264 1164 neglexerant.

200 1189 239 1247 In
255 1188 351 1247 altera
366 1197 463 1246 autem
480 1187 537 1246 hac
552 1188 682 1264 quinque
699 1187 813 1247 dierum
829 1190 1063 1248 commoratione
1077 1189 1176 1248 locum
1191 1195 1329 1246 accurate
1344 1185 1456 1244 descri-

115 1292 161 1351 bit
176 1289 363 1350 Venturinus
386 1290 406 1348 i.
425 1288 482 1348 187
495 1311 539 1348 v.:
561 1287 669 1366 ‘questo
684 1292 759 1350 duco
776 1293 790 1348 d
806 1288 952 1351 Gioucaur'
972 1293 1048 1351 duca
1063 1293 1095 1350 di
1108 1289 1277 1367 Bregma,
1300 1289 1332 1345 di
1346 1287 1455 1346 Barca·

117 1394 174 1464 los,
201 1402 277 1452 sotto
305 1391 384 1450 titolo
410 1392 457 1451 del
475 1391 557 1468 siglis
583 1391 732 1463 Teodoeio,
758 1411 772 1451 e
798 1394 941 1452 morchere
968 1396 999 1452 di
1023 1393 1100 1454 Villa
1127 1392 1256 1464 Vereuso,
1279 1405 1293 1450 e
1317 1387 1404 1448 Coate
1425 1390 1457 1446 de·

121 1490 201 1565 Ure’,
224 1494 345 1553 divitias
367 1494 433 1552 eius
453 1510 577 1570 magnas
596 1495 734 1570 vitaeque
757 1495 946 1570 splendorem
967 1495 1128 1573 praedicat,
1151 1503 1182 1553 et
1201 1494 1279 1552 inter
1300 1490 1359 1550 alia
1379 1490 1455 1549 haec

116 1597 200 1655 addit
226 1595 261 1672 (i.
279 1595 368 1671 238),
395 1591 486 1654 'hebbi
510 1600 609 1672 gratia
635 1597 667 1654 di
693 1599 778 1656 ceder
803 1599 833 1655 di
859 1616 951 1656 auouo
978 1598 1009 1655 la
1035 1597 1153 1656 libreria
1179 1597 1227 1654 del
1251 1596 1326 1654 duca
1348 1593 1454 1670 (quam

117 1719 184 1758 eum
205 1698 350 1757 habuisse
369 1697 442 1756 dicit
464 1699 501 1756 ab
523 1717 580 1756 avo
603 1698 722 1770 Iacobo,
747 1697 885 1772 titularet,
908 1713 938 1760 et
959 1709 1043 1776 patre
1065 1697 1252 1773 Theodosio)
1274 1716 1288 1756 e
1305 1695 1454 1772 pipliarae

114 1821 170 1878 per
192 1802 304 1877 leqpere
325 1821 345 1859 a
366 1801 479 1876 diporto
508 1819 550 1858 un
577 1800 667 1858 libro
696 1805 730 1859 in
751 1821 847 1862 mano
870 1803 906 1861 ἀι·
926 1805 1072 1880 epitassa'
1094 1801 1226 1861 antichi
1240 1801 1314 1876 fatti
1334 1815 1453 1856 recor-re

118 1904 171 1962 dal
201 1905 278 1962 duca
299 1902 447 1974 Teodosio,
474 1902 572 1961 leorae
606 1904 827 1976 studiosissimo,
860 1905 900 1962 da
931 1905 1038 1964 diversi
1070 1904 1145 1964 locli
1178 1905 1208 1961 di
1235 1900 1358 1978 Spapna
1383 1918 1397 1958 a
1423 1900 1456 1957 di

117 2006 297 2082 Portopcllo,
330 2025 344 2064 e
365 2009 448 2080 presi
478 2009 562 2082 copia
594 2005 641 2063 de'
675 2007 849 2081 infrascritti
879 2011 932 2082 piu
960 2007 1121 2083 principali
1151 2005 1236 2081 dapar·
1267 2005 1299 2061 di
1329 1995 1451 2061 notitia’.

118 2109 231 2184 Incipit
244 2107 312 2167 inde
327 2109 422 2166 altera
436 2107 579 2166 itinerarii
594 2125 676 2184 pars,
692 2126 781 2184 quam
795 2111 831 2168 ab
848 2109 929 2167 illius
946 2109 1002 2168 loci
1018 2109 1114 2168 titulis
1126 2107 1311 2166 Venturinus
1326 2104 1452 2180 inaugu-

116 2220 208 2269 ratur.
249 2207 399 2268 Novimus
419 2209 624 2268 Theodosium
646 2209 749 2268 ducem
765 2211 947 2289 Bragantiae
967 2212 1069 2270 titulos
1088 2210 1136 2269 dei
1152 2207 1341 2267 Endovellici
1361 2205 1453 2266 colle·

116 2315 197 2389 gissa
220 2312 274 2386 (ci.
297 2331 373 2389 quae
387 2310 451 2368 dixi
468 2313 525 2370 vol.
540 2311 572 2369 Il
588 2330 617 2387 p.
637 2311 699 2388 17),
722 2314 774 2372 sed
790 2313 927 2390 syllogen
948 2313 1175 2389 inscriptionum
1197 2309 1334 2370 extitisse
1356 2309 1393 2368 ab
1415 2327 1451 2366 eo

116 2415 285 2474 institutam
319 2413 465 2490 suspicari
500 2423 614 2473 tantum
646 2413 738 2472 licuit.
797 2413 881 2488 Quae
913 2433 992 2473 nunc
1025 2414 1143 2474 demum
1180 2413 1280 2489 prodit
1311 2429 1350 2470 ex
1381 2409 1451 2468 Itali

115 2516 247 2575 hominis
281 2516 455 2593 apographo
488 2515 524 2592 (f.
544 2513 776 2593 tat-ttae)
813 2517 887 2576 satis
915 2517 1004 2593 pleno
1038 2517 1101 2576 sine
1134 2515 1224 2576 dubio
1256 2513 1339 2589 (nam
1371 2513 1453 2589 quod

115 2619 188 2677 dicit
224 2617 331 2678 titulos
367 2635 400 2676 se
437 2618 636 2694 exscripsisse
671 2617 852 2695 principales
888 2619 985 2690 solos,
1024 2619 1055 2676 id
1091 2638 1129 2678 ne
1163 2617 1315 2677 videretur
1351 2615 1452 2675 omnia

114 2697 308 2797 impudenter
330 2719 510 2797 compilasse
530 2719 717 2795 adscripsit);
739 2720 770 2778 in
786 2719 990 2797 Portugalliae
1006 2721 1084 2779 enim
1100 2719 1286 2780 bibliothecis
1309 2719 1373 2777 eius
1394 2734 1450 2776 neo

115 2823 184 2881 vola
206 2841 262 2880 nec
284 2822 454 2898 vestigium.
498 2819 621 2900 Sylloge
643 2821 719 2880 inter
741 2823 969 2898 antiquissimas
992 2821 1131 2882 habenda
1152 2829 1208 2894 est,
1229 2839 1306 2898 quae
1328 2818 1448 2897 quidem

112 2926 143 2982 in
171 2925 241 3002 ipsa
269 2922 457 3002 Portugallia
482 2923 637 2984 institutae
665 2924 726 2982 sint
752 2923 912 3000 (vetustior
939 2934 1018 2985 certe
1047 2943 1135 3001 quam
1158 2922 1310 2996 Reseudii‚
1339 2923 1392 2999 qui
1415 2921 1450 2981 ti·

112 3027 193 3086 tulos
217 3024 483 3104 conimbrigenses
510 3027 574 3086 sine
601 3026 693 3084 dubio
720 3045 758 3084 ex
785 3027 837 3086 illa
864 3035 979 3086 tantum
1007 3025 1114 3102 novit),
1140 3026 1269 3102 ideoque
1294 3025 1385 3104 digna
1412 3023 1449 3084 de

112 3147 175 3205 qua
200 3129 289 3206 plene
318 3129 473 3188 reseratur.
524 3126 645 3187 Titulos
666 3128 921 3205 Villaviqiosanos
949 3128 995 3187 vel
1023 3149 1062 3188 ex
1089 3128 1199 3187 vicinia
1220 3126 1448 3204 Villaviqiosam

110 3230 230 3290 delatos
257 3251 311 3308 per
338 3230 443 3289 ducem
470 3229 595 3289 eundem
622 3229 825 3289 Theodosium
852 3230 1090 3308 quattuordecim
1116 3247 1241 3290 numero
1274 3229 1353 3306 (noti
1379 3236 1449 3288 sunt

111 3335 235 3392 omnino
258 3333 363 3410 viginti
390 3331 478 3408 duo),
504 3332 652 3407 aquibus
679 3332 796 3412 sylloge
821 3333 935 3410 incipit,
963 3340 996 3392 ut
1021 3339 1254 3392 consentaneum
1281 3340 1338 3403 est,
1366 3331 1448 3390 exci-

110 3436 200 3512 piunt
230 3434 401 3494 discrimine
431 3434 515 3494 nullo
550 3432 814 3514 conimbrigenses
844 3443 904 3494 tres
935 3455 1001 3494 cum
1028 3435 1087 3494 loci
1116 3435 1220 3494 incerti
1246 3433 1358 3493 inedito
1386 3451 1446 3492 uno

112 3539 156 3612 (n,
173 3536 219 3612 9),
247 3547 278 3594 ει
304 3537 468 3595 recentiore
493 3557 553 3595 uno
579 3536 687 3595 litteris
711 3535 871 3596 Hebraicis
899 3539 1043 3613 inscripto
1064 3537 1195 3597 hominis
1218 3535 1332 3608 ludaei,
1358 3555 1445 3612 quem

111 3640 230 3698 omitto.
275 3638 358 3696 Inter
387 3639 505 3696 titulum
532 3638 591 3697 vol.
609 3638 642 3696 ΙΙ
668 3658 697 3696 ιι.
714 3639 774 3698 369
803 3648 833 3698 ει
858 3639 1041 3698 Hebraicum
1068 3638 1153 3698 illum
1180 3638 1374 3714 interpositus
1401 3645 1448 3696 est

109 3741 243 3800 ineditus
265 3741 325 3800 loci
346 3741 452 3798 incerti
475 3740 601 3800 medius.
646 3738 817 3817 Sequuntur
839 3741 1071 3819 Olisiponenses
1094 3741 1154 3798 duo
1177 3739 1224 3799 vel
1251 3749 1313 3799 tres
1334 3740 1445 3816 potius,

110 3863 240 3921 quorum
260 3861 337 3902 unus
352 3861 446 3919 paene
461 3861 514 3918 pro
529 3842 641 3902 inedito
656 3843 824 3915 habendus,
846 3842 953 3902 deinde
968 3843 1204 3919 Aquidaviensis
1219 3859 1295 3902 unus
1312 3843 1445 3902 omnium

111 3945 301 4006 notissimus.
345 3944 542 4022 Interpositus
558 3944 666 4003 deinde
681 3953 737 4016 est,
759 3947 886 4004 sortasse
909 3946 953 4002 rei
973 3945 1100 4004 alicuius
1121 3943 1318 4022 explicandae
1338 3946 1446 4022 gratia,

109 4047 217 4107 titulus
233 4047 440 4106 Ilurconensia
456 4047 596 4106 Baeticae
615 4064 704 4120 unus,
725 4065 813 4122 quem
836 4047 1204 4126 excipiuntBracarenses
1227 4065 1281 4105 sex
1304 4047 1444 4124 (quorum

108 4151 179 4209 item
203 4150 291 4208 testis
314 4148 479 4208 Lusitanus
502 4149 730 4227 antiquissimus
753 4149 815 4208 dux
837 4149 1028 4210 Theodosius
1050 4149 1122 4226 est),
1148 4148 1347 4226 Hispalenses
1374 4159 1444 4225 tres,

110 4251 325 4311 Cordubenses
348 4251 418 4323 duo,
444 4249 631 4328 Caperenses
653 4251 722 4310 salsi
744 4252 802 4310 duo
825 4253 867 4328 (n.
885 4250 943 4312 80Ι
966 4252 1035 4329 83⁴⁵)
1058 4253 1119 4311 noti
1142 4251 1272 4327 antiquis
1294 4253 1444 4327 omnibus,

107 4367 169 4412 tum
198 4355 305 4412 iterum
328 4353 572 4430 Aquiflavienses
601 4371 668 4427 sex,
694 4354 772 4412 inter
793 4372 868 4430 quos
896 4372 972 4412 unus
999 4354 1131 4413 ineditus
1159 4360 1206 4412 est
1231 4352 1274 4427 (ιι.
1290 4352 1358 4430 21),
1385 4373 1445 4415 una

107 4477 175 4516 eum
197 4456 334 4515 miliariis
350 4455 467 4514 duobus
483 4455 662 4515 Bracarensi
678 4466 708 4514 et
723 4456 949 4532 Aquiflaviensi.
993 4455 1152 4514 Adduntur
1174 4456 1204 4514 in
1226 4455 1285 4514 fine
1308 4455 1444 4534 syllogae

107 4559 187 4618 tituli
221 4559 338 4636 aliquot
369 4559 476 4617 aetatis
505 4559 632 4618 recentis
661 4558 829 4617 Toletanus
857 4555 1104 4618 Salmanticensis
1134 4555 1378 4635 complutensem
1412 4559 1443 4618 hi

106 4663 136 4719 in
158 4663 307 4720 honorem
327 4660 483 4720 Francisoi
504 4659 652 4719 Ximenea
675 4659 835 4720 cardinalis
856 4661 1024 4737 compositi.

193 4762 379 4822 Venturinus
401 4770 499 4822 autem
526 4781 593 4821 cum
615 4763 786 4838 patriarcha
807 4781 863 4822 suo
886 4783 939 4840 per
961 4763 1095 4838 Badajoz
1117 4763 1279 4822 Beneuenta
1304 4761 1442 4837 Galisteo,

106 4885 203 4944 prope
222 4865 305 4942 quod
324 4865 429 4924 titulos
448 4865 564 4940 aliquot
583 4865 727 4924 miliarios
747 4865 812 4924 viae
826 4864 981 4924 Romanae
997 4865 1027 4924 la
1043 4865 1174 4925 Calzoda
1192 4865 1290 4925 dictae
1309 4866 1443 4942 descrip-

104 4971 153 5040 sit,
177 4967 288 5026 deinde
302 4987 356 5044 per
371 4967 550 5027 Salamorrca
571 4967 739 5026 Valladolid
750 4967 867 5042 Burgus
878 4967 1032 5027 Brioieaco
1051 4968 1160 5026 Vitoria
1174 4968 1286 5043 oppida
1301 4967 1441 5044 Hispana

105 5069 243 5130 Galliam
270 5070 347 5146 petit
372 5078 462 5144 atque
490 5069 672 5146 Burdigalae
698 5087 766 5126 cum
793 5069 937 5128 cardinali
964 5069 1063 5128 denuo
1090 5069 1237 5132 convenit.
1283 5069 1357 5128 Inde
1383 5067 1441 5128 Ca·

102 5173 160 5230 roli
182 5171 233 5230 IX
260 5172 340 5247 regis
364 5171 462 5229 aularu
489 5171 519 5228 in
546 5172 617 5229 urbe
640 5171 724 5230 Blor'a
747 5189 806 5228 una
834 5172 965 5231 invisunt
987 5181 1075 5249 atque
1098 5171 1204 5231 deinde
1225 5189 1278 5247 per
1298 5169 1440 5248 Lugudu-

100 5295 174 5333 num
203 5282 236 5332 et
264 5272 361 5350 Alpes
387 5271 538 5332 Poeninas
571 5275 601 5333 in
634 5272 755 5331 Italiam
785 5272 922 5346 redeunt3
955 5274 1001 5334 die
1030 5273 1078 5332 24.
1106 5292 1144 5333 m.
1173 5273 1272 5333 Martii
1301 5291 1327 5329 a
1360 5271 1438 5330 1572

97 5377 289 5434 Venturinus
316 5373 458 5434 Fabriani
484 5374 579 5435 Lares
610 5377 726 5453 patrios
760 5377 873 5435 recolit.
923 5377 959 5436 ln
987 5377 1044 5436 hac
1070 5375 1175 5436 ultima
1204 5374 1321 5438 itineris
1355 5382 1440 5452 parts
