3770 5970
385 529 406 598 2
672 551 856 605 Mounsnu
883 551 1177 605 nnuunouoorvu
1205 553 1434 604 unumunurn.

385 724 537 799 antiquam
564 735 665 783 notam
693 726 867 796 desiderari,
895 727 971 784 duos
999 726 1101 802 (Mart.
1118 725 1167 786 27.
1188 730 1263 803 Apr.
1280 724 1335 800 28)
1361 723 1561 785 Caeretanum
1592 726 1635 800 (v.
1652 727 1720 803 epb.

383 825 444 882 rol.
460 825 509 883 ΙΙΙ
531 845 559 902 p.
581 827 629 902 8),
657 827 714 885 hoc
735 827 969 904 hemerologium
991 829 1110 886 tertium
1136 827 1258 886 sustulit
1280 846 1375 904 neque
1405 827 1466 886 iam
1494 837 1649 886 remanent
1674 828 1721 885 in·

382 928 455 985 certi
483 929 542 986 uisi
571 946 678 986 novem
705 929 793 989 Febr.
817 929 846 988 5.
880 929 965 988 Mart.
984 929 1011 987 6.
1047 931 1119 1007 Apr.
1137 931 1165 988 6.
1199 929 1256 987 lul.
1274 931 1302 986 4.
1329 932 1408 1007 Aug.
1428 931 1454 986 l.
1472 927 1500 987 2.
1535 927 1616 1006 Sept.
1636 927 1664 986 2.
1689 929 1718 987 3.

384 1027 453 1087 Oct.
473 1027 520 1089 ll.
536 1029 679 1088 -Unde
701 1031 918 1090 consectarium
940 1037 986 1088 est
1008 1031 1101 1090 lastos
1117 1031 1271 1089 Allifanus
1293 1032 1405 1108 pariter
1426 1041 1515 1106 atque
1532 1027 1719 1090 Caeretanos

382 1131 426 1188 ita
440 1132 567 1208 scriptos
584 1149 661 1204 esse,
688 1141 722 1189 ut
736 1132 850 1192 dierum
866 1141 938 1190 nota
953 1134 1076 1209 antiqua
1090 1133 1277 1204 retineretur,
1300 1133 1372 1192 licet
1385 1132 1521 1191 condicio
1537 1131 1597 1190 diei
1612 1141 1719 1209 postea

381 1232 501 1309 publice
524 1243 639 1292 mutata
660 1243 754 1306 esset;
777 1254 847 1293 nam
869 1251 987 1312 pugnae
1010 1234 1205 1293 Pharsalicae
1227 1235 1318 1293 serias
1341 1234 1400 1310 ipsi
1423 1234 1597 1293 adscribunt
1623 1252 1719 1310 neque

382 1335 518 1404 omnino,
548 1337 605 1395 etsi
632 1355 692 1394 non
718 1335 937 1406 adscriberent,
969 1336 1007 1394 ad
1035 1344 1151 1413 tempus
1178 1355 1243 1394 eam
1271 1353 1400 1414 pugnam
1429 1336 1610 1413 praecedens
1637 1347 1717 1394 recte

381 1436 570 1496 reserrentur.
615 1437 751 1513 Eamque
773 1438 869 1514 legem
884 1457 952 1496 vere
975 1439 1007 1496 in
1028 1439 1067 1496 iis
1089 1438 1177 1496 lastis
1196 1446 1341 1514 perpetuo
1362 1438 1543 1497 custoditam
1559 1454 1627 1496 esse
1648 1436 1718 1494 inde

381 1537 583 1612 confirmatur,
606 1538 684 1616 quod
708 1540 784 1599 alter
806 1540 869 1598 dies
892 1539 1025 1598 eiusdem
1050 1540 1235 1598 condicionis
1257 1541 1288 1598 in
1307 1540 1393 1598 fastis
1410 1539 1552 1598 Allifanis
1568 1549 1717 1611 serratus,

383 1640 497 1700 scilicet
519 1644 598 1719 Aug.
620 1639 670 1714 28,
695 1650 818 1719 propter
840 1661 921 1699 aram
944 1640 1096 1700 Victoriae
1123 1640 1290 1700 dedicatam
1318 1661 1344 1698 a.
1362 1639 1421 1700 725
1450 1659 1488 1699 ex
1515 1640 1716 1700 comitialibus

381 1755 541 1818 exemptus
564 1752 594 1801 et
614 1744 725 1802 relatus
748 1743 825 1802 inter
847 1743 979 1815 feriatos,
1001 1743 1031 1800 iu
1053 1743 1160 1802 iisdem
1181 1743 1251 1801 item
1275 1743 1435 1802 comitialis
1457 1753 1513 1801 est.
1557 1741 1636 1801 Nam
1658 1753 1718 1802 ter·

382 1843 457 1903 tium
472 1846 552 1922 Aug.
570 1845 608 1903 10
630 1863 689 1903 uon
712 1862 835 1904 numero
857 1845 994 1904 feriatum
1017 1847 1128 1904 sactum
1152 1863 1231 1903 anno
1253 1851 1287 1902 ut
1308 1844 1425 1903 uidetur
1446 1863 1475 1921 p.
1493 1841 1598 1902 chat
1625 1864 1715 1921 prop-

382 1953 428 2004 ter
453 1963 522 2006 aras
546 1944 649 2006 Cereri
676 1956 704 2006 st
726 1946 787 2025 Opi
809 1947 976 2018 dedicatas3
1004 1964 1055 2005 eas
1083 1947 1160 2004 enim
1184 1945 1275 2006 ferias
1301 1945 1372 2005 fasti
1393 1945 1516 2005 Allilani
1539 1965 1606 2004 cum
1628 1947 1716 2005 omit-

381 2055 455 2120 tant,
477 2057 546 2106 ante
568 2047 747 2108 constitutas
769 2048 861 2108 ferias
884 2066 935 2108 eas
958 2049 1104 2125 propositi
1127 2049 1188 2108 sint
1208 2066 1331 2108 necesse
1353 2055 1408 2106 est.

465 2146 552 2223 Quae
574 2168 667 2227 supra
687 2151 891 2228 exposuimus,
914 2151 1035 2210 maioris
1057 2151 1198 2210 momenti
1222 2150 1349 2208 fortasse
1372 2159 1441 2208 snut
1462 2167 1550 2224 quum
1578 2149 1716 2208 videntur

381 2267 458 2309 esse.
494 2249 614 2310 Scilicet
636 2271 732 2329 nuper
745 2251 895 2311 londanus
918 2257 947 2310 in
970 2253 1099 2331 egregiis
1122 2253 1158 2310 de
1181 2251 1381 2330 topographis
1401 2251 1483 2309 urbis
1498 2249 1613 2310 Romae
1635 2269 1716 2310 com·

382 2354 536 2412 menteriis
565 2354 604 2430 (1,
626 2353 686 2413 409
709 2353 787 2430 seq.)
814 2354 846 2411 id
867 2354 947 2429 quod
970 2363 1058 2412 antea
1080 2353 1142 2412 fere
1164 2352 1317 2411 obtinebat
1343 2361 1372 2410 et
1394 2352 1458 2430 ipse
1479 2370 1598 2430 quoque
1621 2352 1715 2412 adrni-

381 2461 462 2514 serat
482 2467 602 2533 pontem
617 2455 779 2515 Aemilium
802 2474 828 2513 n.
845 2453 902 2513 732
918 2455 966 2514 vel
982 2455 1041 2515 733
1064 2455 1175 2514 sactum
1191 2471 1268 2526 esse,
1286 2436 1358 2512 'ideo
1373 2454 1484 2526 reiecit,
1507 2456 1588 2529 quod
1604 2455 1714 2513 mentio

382 2555 447 2615 eins
470 2556 504 2615 lit
529 2557 561 2616 in
584 2557 673 2616 lastis
695 2557 742 2614 bis
765 2556 858 2635 (Aug.
878 2557 945 2633 17);
974 2575 1027 2616 eos
1056 2557 1134 2615 enim
1164 2567 1287 2633 propter
1308 2555 1368 2615 diei
1390 2557 1470 2632 Aug.
1487 2554 1525 2615 28
1553 2565 1655 2615 notam
1682 2566 1713 2614 et

383 2677 440 2737 ego
468 2655 774 2736 (0.v01.1p.294)
803 2659 939 2718 dixeram
969 2669 998 2717 et
1023 2658 1171 2718 londanus
1201 2658 1322 2716 tenebat
1354 2659 1525 2734 propositos
1552 2675 1620 2718 esse
1645 2667 1715 2716 ante

382 2778 409 2820 a.
426 2781 454 2819 u.
470 2779 496 2819 c.
514 2758 583 2818 725.
627 2761 670 2818 At
691 2761 718 2819 ei
739 2770 914 2837 argumento
936 2760 1059 2819 nimium
1081 2760 1152 2818 olim
1175 2780 1221 2818 me
1241 2760 1384 2819 tribuisse
1406 2767 1439 2818 ut
1460 2759 1519 2817 inm
1534 2768 1604 2818 ante
1625 2760 1714 2818 intel·

381 2861 515 2922 laxeram
543 2861 714 2922 admonitus
739 2863 828 2922 lastis
857 2860 1050 2934 Caeretanis,
1078 2862 1121 2920 ita
1146 2863 1206 2921 iam
1236 2881 1323 2921 nemo
1358 2862 1479 2939 negabit
1504 2881 1544 2920 ex
1570 2862 1608 2920 iis
1635 2862 1715 2921 notia

382 2973 500 3041 tempus
527 2981 587 3040 quo
614 2965 702 3024 incisi
729 2965 790 3024 siut
815 2965 886 3024 fasti
908 2964 1031 3023 Allifani
1059 2963 1158 3040 colligi
1184 2982 1243 3022 nou
1265 2982 1354 3041 posse
1376 2982 1472 3039 neque
1494 2964 1654 3040 quicquam
1677 2963 1715 3022 de

383 3074 481 3124 aetate
503 3084 604 3125 eorum
629 3075 777 3138 constare,
799 3067 856 3126 nisi
877 3066 957 3143 quod
979 3065 1124 3142 propositi
1144 3074 1213 3125 sunt
1231 3073 1300 3124 ante
1322 3086 1349 3125 a
1366 3085 1394 3142 p.
1411 3063 1482 3124 Chr.
1496 3065 1525 3139 7,
1548 3066 1575 3126 si
1593 3065 1715 3142 quidem

381 3167 521 3228 consules
543 3166 681 3228 Creticus
704 3175 735 3228 et
754 3166 879 3244 Longus
901 3187 971 3226 vere
992 3187 1028 3226 eo
1051 3185 1129 3225 anno
1152 3167 1248 3226 fasces
1270 3175 1436 3227 tenuerunt.

1414 3303 1474 3363 Tu.
1497 3305 1670 3364 Mororssu.
