3770 5970
819 639 1094 690 ADDITAMENTA
1121 639 1203 689 VOL.
1223 638 1266 688 111

746 941 781 1000 In
802 939 959 1019 pyramide
981 940 1019 998 ad
1042 937 1119 1000 Gize
1141 938 1184 1017 (p.
1202 940 1230 999 8.
1247 939 1332 1014 967).

371 1129 416 1190 35
447 1130 486 1189 ed
507 1149 535 1188 n.
553 1128 589 1188 21
615 1127 667 1204 (of.
683 1129 743 1187 vol.
760 1127 808 1186 Ill
829 1147 857 1205 p.
876 1125 960 1203 967).
996 1124 1032 1184 L.
1050 1125 1264 1185 Friedlecnder
1287 1125 1365 1184 dixit
1386 1125 1423 1184 de
1444 1126 1501 1183 hoc
1523 1125 1613 1184 titulo
1636 1144 1705 1183 cnm

412 1234 442 1292 in
464 1239 685 1310 programmate
707 1230 947 1307 Regiomontono
969 1248 996 1288 e.
1015 1228 1093 1287 1869
1118 1237 1179 1287 tum
1201 1229 1231 1286 ia
1255 1228 1332 1287 lihro
1352 1226 1602 1302 Sitteaperchichtc
1615 1228 1705 1285 Rome

413 1333 456 1407 2³,
472 1332 542 1392 257.
577 1331 666 1406 Quod
687 1333 730 1390 ibi
751 1332 853 1390 attulit
871 1332 1076 1409 apographum
1092 1347 1130 1387 ex
1146 1329 1298 1388 itinerario
1312 1329 1425 1388 Felicis
1442 1328 1534 1387 Fabri
1550 1327 1705 1387 Ulmensis

413 1435 525 1512 scripto
547 1435 624 1493 iuter
647 1453 671 1490 a.
693 1432 771 1492 1480
793 1443 823 1492 et
847 1434 936 1505 1483,
964 1433 993 1490 id
1016 1451 1121 1490 vereor
1143 1451 1179 1490 ne
1203 1431 1290 1488 Felix
1313 1431 1476 1507 sumpserit
1496 1450 1534 1489 ex
1556 1429 1706 1489 similibus

411 1537 644 1613 antiquioribus3
672 1555 740 1594 nam
765 1535 902 1594 miraculi
929 1536 1025 1593 instar
1045 1535 1123 1592 foret
1145 1533 1307 1592 monachos
1330 1533 1501 1611 complures
1524 1551 1614 1590 unam
1635 1550 1705 1590 eam

410 1638 637 1717 inscriptionem
655 1637 794 1714 elegisse,
816 1656 905 1713 quam
928 1655 967 1695 ex
984 1636 1051 1714 ipso
1067 1653 1144 1695 saxo
1160 1643 1325 1708 motarent,
1348 1654 1403 1694 aec
1417 1635 1560 1694 lectiones
1576 1635 1706 1693 multum

411 1741 554 1800 differunt
582 1741 612 1814 (l
637 1754 805 1798 erraremus
831 1772 869 1781 -
905 1739 922 1796 3
950 1753 1122 1797 memoriam
1145 1769 1183 1779 —
1218 1739 1236 1793 4
1263 1752 1421 1796 esurium
1444 1771 1482 1781 -
1509 1753 1639 1796 erastus
1662 1769 1703 1779 —

412 1845 430 1902 5
453 1859 595 1901 manuus
617 1875 658 1884 —
688 1841 706 1898 6
734 1839 850 1916 rursu).
895 1838 954 1900 Sed
981 1841 1056 1898 benc
1082 1839 1196 1898 monuit
1221 1839 1267 1898 vir
1292 1839 1397 1898 doctus
1422 1839 1503 1915 apud
1531 1838 1704 1898 Friedleeu-

412 1945 514 2003 derum
538 1965 565 2004 v.
583 1943 600 2001 3
623 1960 803 2020 expressum
824 1959 891 2000 esse
914 1941 951 1999 ad
972 1941 1169 2000 Horatianum
1191 1960 1281 1999 cerm.
1303 1940 1469 2013 3,11‚50:
1491 1943 1582 2000 nostri
1602 1960 1707 2000 menso·

411 2067 468 2106 rem
490 2047 622 2122 sepulcro
644 2046 740 2120 coulpe
761 2044 929 2120 querellam,
959 2043 1066 2102 deindo
1087 2042 1336 2102 Friedleeuderus
1363 2044 1427 2120 ipse
1453 2063 1513 2102 non
1536 2043 1705 2102 sollicitan-

412 2149 483 2207 dum
509 2148 604 2208 luisse
629 2148 697 2207 md
725 2149 850 2207 censoris
876 2146 1071 2217 vocabulum,
1098 2145 1240 2221 quoniam
1267 2144 1427 2204 Terentius
1455 2142 1636 2216 Gentianus,
1664 2145 1705 2203 sd

412 2269 498 2328 quem
525 2251 556 2308 in
579 2249 657 2308 Add.
680 2249 700 2307 l.
720 2268 746 2307 o.
773 2248 892 2307 titulum
918 2248 1071 2319 revocari,
1099 2248 1129 2305 in
1156 2246 1244 2305 titulo
1266 2265 1323 2307 suo
1345 2248 1417 2306 item
1438 2247 1706 2323 appellatorem.

409 2355 539 2429 provinc.
568 2353 683 2410 Maced.
711 2348 922 2409 Friedlsender
949 2368 975 2407 v.
997 2350 1095 2426 iscq.
1123 2351 1167 2408 sic
1194 2349 1363 2408 coustituit:
1392 2352 1446 2408 soit
1471 2368 1569 2409 nomen
1589 2351 1707 2410 Decimi

415 2454 550 2514 Gratiani
571 2455 701 2530 pyramis
724 2453 786 2512 alta
803 2453 948 2529 pontificis
971 2455 1135 2528 comitisque
1157 2455 1229 2522 tais,
1252 2452 1391 2522 Traiane,
1418 2453 1582 2527 triumphis,
1609 2453 1707 2512 taetra

413 2575 462 2616 aar
487 2561 565 2614 intra
592 2559 717 2614 caesoris
742 2554 880 2625 consolis,
907 2572 975 2613 ease.
1020 2553 1095 2612 Mihi
1121 2553 1218 2629 magis
1239 2553 1339 2630 placet
1360 2553 1487 2611 retinere
1508 2554 1590 2629 quod
1611 2555 1709 2614 tradi·

413 2668 473 2717 tum
498 2665 544 2716 est
565 2661 602 2716 eit
622 2675 720 2716 nomm
812 2657 962 2732 pyramide
983 2655 1059 2726 alta3
1081 2656 1113 2713 in
1135 2675 1195 2714 esse
1215 2654 1345 2714 fortasse
1368 2654 1441 2714 latet
1462 2673 1531 2714 eoae.

796 3171 1147 3234 nruuaoouronrs
1170 3173 1213 3250 (p,
1231 3173 1274 3251 e).

371 3360 418 3420 ³6
444 3361 482 3420 ed
504 3381 533 3420 n.
555 3359 604 3421 Ἡ.
648 3360 785 3419 Eundem
807 3360 927 3418 titulum
949 3379 1044 3438 nuper
1065 3360 1225 3436 descripsit
1247 3362 1284 3420 A.
1301 3359 1336 3420 O.
1352 3359 1460 3418 Hsrris
1482 3357 1516 3435 (†
1536 3359 1640 3436 1869),
1664 3380 1709 3421 ex

412 3463 499 3522 cuius
532 3463 649 3522 schedis
683 3464 720 3521 ab
748 3462 939 3520 Eisenlohrio
971 3462 1029 3522 sibi
1057 3461 1176 3521 traditis
1206 3463 1339 3520 enotavit
1367 3462 1440 3521 mihi
1468 3461 1708 3539 Zeugemeister.

411 3564 510 3623 Locus
538 3565 582 3623 sic
604 3565 767 3623 indicatur:
800 3565 922 3625 Conveni
944 3566 978 3639 os
994 3564 1098 3623 Maria
1119 3564 1215 3623 Boleti
1235 3564 1339 3622 behind
1358 3563 1562 3623 Benimhomed
1583 3565 1708 3624 between

411 3666 564 3741 Marsalat
584 3668 645 3724 aad
666 3665 749 3725 Siout
769 3667 847 3725 Eost
868 3666 953 3724 bank.
1001 3666 1112 3724 Differt
1133 3666 1303 3742 exemplum
1326 3685 1345 3723 a
1367 3684 1433 3725 meo
1455 3666 1485 3724 in
1507 3665 1566 3724 his:
1591 3664 1608 3722 2
1632 3659 1711 3726 crur-¹

411 3781 468 3826 sas
483 3799 490 3812 ·
506 3783 596 3827 osrvs
625 3768 671 3843 (ut
696 3769 832 3845 reposui)
856 3803 894 3812 -
924 3769 941 3826 3
962 3775 1031 3825 tur
1053 3785 1068 3824 r
1091 3767 1138 3843 (ut
1159 3767 1295 3844 reposui)
1318 3801 1358 3812 —
1386 3767 1405 3826 8
1428 3783 1641 3826 raovmercrra
1663 3784 1679 3826 s
1698 3799 1709 3815 ·

410 3886 468 3928 var
490 3885 630 3929 marteris
653 3869 713 3946 (aa)
736 3885 914 3930 exsrrvcra
935 3885 1185 3929 nnnncavsrvsr.

957 4787 1113 4866 SYRIA.

676 5021 917 5083 ANTIOCHIA
941 5023 1001 5082 AD
1024 5021 1234 5084 ORONTEM
1256 5025 1299 5102 (p.
1316 5023 1402 5100 973).

372 5207 418 5267 37
441 5207 725 5268 chremetem.
752 5208 882 5267 Adolius
894 5209 1049 5269 Michaelis
1063 5210 1170 5270 iisdem
1186 5210 1304 5270 schedis
1321 5211 1419 5270 denuo
1434 5211 1576 5287 inspeetis
1588 5215 1716 5274 monuit

414 5309 517 5367 titulos
539 5318 681 5386 exceptos
705 5327 772 5370 csse
794 5311 905 5388 Aleppi
927 5330 1021 5388 prope
1043 5321 1160 5390 portam
1182 5313 1284 5389 oppidi
1307 5331 1366 5389 qua
1389 5315 1449 5372 itur
1470 5313 1674 5373 Antiochiam.
