3792 5970
402 622 474 696 322
929 639 1206 692 emorrannum
1685 637 1737 695 aas

401 826 472 894 post
493 816 658 876 aediculam
686 815 853 873 dedicatam
881 822 910 873 et
936 814 1057 874 nomina
1083 814 1275 872 dimissorum
1303 814 1401 873 incisa
1425 814 1532 872 iterum
1560 823 1590 873 et
1614 816 1738 891 saepius

402 919 505 977 addita
527 935 594 976 esse
616 918 646 976 in
670 917 738 975 aliis
761 917 871 975 tabulis
893 917 1014 976 numina
1031 916 1267 975 commilitonum
1290 923 1397 992 postea
1418 916 1620 976 dimissorum.
1658 914 1740 977 Sane

402 1021 460 1080 hoo
481 1041 520 1079 ex
541 1020 594 1078 illa
615 1039 647 1078 88
668 1028 750 1078 88818
769 1018 897 1078 efficitur
911 1035 1015 1078 omnes
1031 1019 1087 1076 hos
1101 1017 1261 1077 laterculos
1284 1036 1313 1074 ιι.
1331 1017 1401 1077 891.
1417 1017 1488 1078 892.
1504 1018 1575 1078 893.
1592 1018 1653 1080 894
1668 1036 1739 1079 8888

403 1124 528 1181 militurn
545 1122 671 1182 honesta
686 1121 832 1180 missione
848 1120 1055 1196 missorum1),
1078 1120 1215 1196 idemque
1233 1120 1307 1178 satis
1323 1119 1506 1180 confidenter
1521 1129 1652 1180 statuere
1667 1123 1740 1181 licet

402 1226 439 1283 de
459 1225 614 1284 laterculis
637 1242 730 1299 supra
748 1241 777 1280 n.
795 1217 900 1298 895³>
916 1222 971 1293 Vl,
991 1221 1082 1280 2395.
1097 1221 1188 1281 2397.
1206 1221 1297 1280 2401.
1314 1219 1405 1294 2403,
1429 1226 1479 1299 qui
1495 1233 1524 1281 et
1539 1223 1652 1282 formae
1668 1233 1741 1282 sunt

403 1327 575 1398 simillimae
601 1335 630 1384 et
656 1325 786 1384 eiusdem
814 1324 876 1383 lere
900 1341 969 1384 esse
991 1325 1099 1384 aetatis
1121 1331 1351 1400 cognoscuntur.
1394 1323 1460 1384 Nec
1482 1325 1646 1401 quidquam
1669 1325 1740 1384 huic

403 1429 445 1487 rei
468 1429 577 1486 obstat.
621 1426 701 1486 Nam
723 1427 805 1504 quod
829 1444 971 1484 uumerus
994 1426 1120 1486 militum
1143 1426 1329 1504 singularum
1351 1426 1552 1486 centuriarum
1574 1427 1606 1486 in
1627 1427 1675 1486 his
1698 1427 1741 1485 la-

404 1530 527 1588 terculis
554 1529 648 1588 multo
675 1529 752 1588 88181
778 1531 875 1588 maior
900 1546 969 1588 esee
996 1546 1085 1605 quam
1111 1528 1142 1586 in
1169 1527 1322 1587 latereulis
1348 1529 1584 1606 antiquioribus,
1613 1547 1741 1588 consen·

405 1640 524 1690 taneum
551 1641 613 1703 est,
640 1650 700 1707 qua
727 1639 824 1690 aetate
851 1630 1033 1707 praetoriani
1059 1649 1119 1689 non
1142 1649 1230 1690 omne
1251 1630 1377 1690 militiae
1397 1639 1516 1707 tempus
1537 1631 1567 1690 in
1589 1631 1740 1709 praetorio

405 1741 630 1804 consumerent,
658 1733 710 1792 sed
736 1733 816 1792 haud
843 1733 948 1810 paucis
971 1732 1130 1808 stipendiis
1157 1732 1186 1789 iu
1212 1733 1380 1810 legionibus
1402 1733 1517 1792 meritis
1543 1753 1598 1811 per
1620 1734 1741 1792 ultimos

405 1837 503 1894 solum
526 1836 651 1894 militiae
674 1853 769 1894 annos
797 1839 827 1893 in
854 1835 1027 1894 cohortibus
1053 1834 1212 1912 praetoriis
1234 1845 1351 1906 essent,
1377 1836 1509 1894 maxime
1534 1843 1652 1895 auctum
1675 1853 1741 1895 esse

406 1958 561 1997 numerum
583 1956 698 2009 eorum,
721 1937 771 2012 qui
793 1937 825 1995 in
848 1955 906 1995 una
927 1955 1045 2013 quaque
1059 1935 1212 2000 ¹missione
1234 1937 1402 1996 dimittendi
1424 1947 1533 1998 essent.

487 2041 551 2100 lam
573 2038 654 2117 quod
676 2039 765 2098 modo
783 2039 915 2098 diximus
931 2037 1092 2097 laterculos
1108 2056 1185 2114 quos
1201 2040 1432 2099 memoravimus
1447 2058 1514 2100 esse
1530 2041 1663 2100 eiusdem
1679 2042 1741 2100 fere

308 2151 311 2157 '
408 2144 526 2212 8818118,
549 2152 583 2199 81
604 2144 641 2200 88
661 2141 824 2213 1818888118,
846 2158 924 2217 quos
943 2147 1087 2200 testatum
1110 2149 1156 2200 est
1176 2141 1272 2200 luisse
1294 2143 1324 2201 in
1346 2141 1450 2200 eadem
1472 2143 1620 2216 aedicula,
1642 2162 1696 2219 per
1709 2161 1741 2202 se

408 2252 641 2304 consentaneum
656 2251 712 2314 est,
734 2243 778 2302 ita
796 2243 834 2300 de
853 2241 992 2302 omnibus
1017 2243 1063 2302 vel
1084 2243 1182 2300 forma
1203 2243 1368 2302 litterarum
1390 2243 1438 2304 vel
1461 2245 1521 2304 alia
1542 2245 1652 2304 indicia
1674 2265 1741 2321 pro-

405 2348 492 2416 bant,
521 2354 553 2404 81
578 2365 607 2403 n.
628 2345 685 2404 891
712 2345 755 2421 (Ι,
778 2343 840 2419 19).
869 2343 929 2404 894
949 2343 990 2419 (8,
1010 2345 1062 2415 113
1084 2345 1113 2416 d,
1130 2344 1182 2421 24)
1205 2343 1324 2421 895(8.
1344 2345 1405 2421 15).
1428 2346 1483 2418 Vl,
1504 2345 1584 2406 2397
1605 2347 1647 2420 (8.
1665 2349 1692 2405 6.
1710 2347 1741 2422 7)

407 2448 493 2508 188181
509 2455 588 2521 sunt,
609 2455 765 2523 antequam
783 2445 881 2507 Siscia
894 2466 914 2504 a
929 2444 1075 2523 Septimio
1090 2464 1198 2504 nomen
1214 2445 1377 2523 Septimiae
1399 2447 1597 2523 acciperet³).
1627 2449 1742 2508 Tamen

406 2557 616 2628 praeterquam
638 2547 719 2625 quod
740 2547 897 2624 probabile
920 2547 967 2606 vel
988 2556 1068 2607 certe
1090 2547 1231 2608 credibile
1254 2558 1301 2608 est
1322 2569 1351 2607 n.
1368 2549 1429 2609 895
1448 2549 1549 2609 81891
1576 2568 1645 2609 8888
1667 2551 1742 2610 eius·

408 2653 476 2710 dem
497 2650 648 2720 laterculi,
674 2650 705 2709 in
732 2651 840 2708 ueteris
863 2649 961 2709 forma
981 2650 1147 2709 litterarum
1171 2650 1314 2709 eiusmodi
1337 2659 1394 2724 est,
1422 2658 1455 2708 81
1477 2652 1554 2711 8888
1577 2654 1743 2712 88888188-

409 2755 475 2812 dem
500 2752 653 2811 missionis
676 2751 713 2810 de
734 2751 886 2828 plerisque
908 2751 1076 2828 negandum
1099 2752 1148 2822 sit,
1171 2753 1207 2810 88
1229 2752 1313 2811 nullo
1337 2753 1481 2812 affirmari
1502 2753 1609 2828 possit.
1637 2753 1744 2813 Viden·

409 2863 576 2914 tutantem
604 2871 707 2914 omnes
734 2853 879 2912 contineri
906 2855 1031 2931 imperio
1059 2852 1198 2930 Septimii
1224 2853 1343 2927 Severi,
1371 2873 1426 2914 nec
1452 2863 1541 2914 notae
1567 2855 1654 2915 nobis
1676 2865 1747 2914 sunt

409 2957 530 3015 tabulae
551 2974 735 3016 marmoreae
757 2955 919 3016 laterculos
935 2956 1062 3015 militum
1078 2957 1338 3033 praetorianorum
1361 2957 1547 3017 continentes
1569 2957 1746 3035 posterioris

410 3059 567 3134 aetatis4).

493 3161 623 3238 Propter
645 3161 719 3220 haec
741 3179 820 3237 quae
842 3149 1038 3238 exposuimus
1060 3161 1149 3220 etiam
1171 3161 1202 3220 in
1224 3160 1263 3220 iis
1284 3179 1362 3237 quae
1383 3162 1414 3221 in
1437 3162 1553 3222 881111
1575 3160 1747 3222 dixeramus

412 3271 481 3324 sunt
502 3282 581 3340 quae
603 3261 780 3340 corrigenda
801 3262 870 3322 sint.
915 3263 1041 3339 Aliquid
1054 3264 1114 3322 iam
1129 3265 1160 3322 in
1176 3263 1321 3322 addendis
1343 3284 1372 3341 p.
1389 3263 1449 3324 868
1473 3265 1511 3323 88
1532 3285 1561 3322 n.
1580 3264 1661 3324 3885
1683 3283 1749 3323 cor·

409 3366 544 3426 reximus
568 3365 701 3424 dicentes
724 3365 800 3424 sitne
822 3364 984 3425 laterculus
1007 3365 1116 3441 aliquis
1138 3366 1396 3442 praetorianorum
1418 3385 1456 3426 an
1478 3366 1658 3426 urbanorum
1681 3385 1749 3444 cog·

411 3468 496 3527 nosci
517 3487 578 3527 non
599 3484 691 3544 88888
713 3485 752 3526 ex
773 3467 893 3527 nomine
915 3467 1010 3544 patris
1032 3475 1062 3526 et
1084 3468 1163 3527 tribu
1183 3467 1568 3528 881888111888188118818.
1601 3468 1749 3528 Idoneum

411 3579 509 3630 autem
532 3569 629 3629 visum
656 3579 703 3628 est
727 3568 775 3628 hio
797 3569 934 3629 subicere
956 3569 1084 3628 indicem
1106 3570 1318 3630 laterculorum
1341 3570 1543 3630 custodiarum
1566 3571 1750 3632 urbanarum

412 3673 499 3732 annis
522 3671 726 3749 praescriptis,
747 3688 872 3747 quarum
893 3681 996 3750 partes
1017 3671 1172 3731 habemus.

458 3803 502 3867 qui
516 3801 626 3852 militare
639 3809 780 3866 coeperunt
832 3817 927 3852 nomen
940 3803 1020 3925 881818
1058 3803 1131 3868 origo
1280 3801 1381 3853 dimissi

870 3875 942 3926 ettri
960 3891 990 3927 us

413 3946 597 4024 praetoriani
620 3967 647 4004 a.
666 3947 734 4006 119.
754 3947 827 4018 1208

455 4048 561 4107 urbani
583 4067 611 4106 a.
631 4049 772 4108 115116
858 4048 1005 4108 omittitur
1037 4048 1156 4108 8881188
1188 4049 1351 4108 1118188188
1366 4067 1392 4109 a.
1413 4051 1470 4110 136
1494 4049 1751 4126 1181875888

1567 4153 1710 4213 240458

414 4260 544 4330 8888188.
567 4271 595 4311 8.
615 4251 759 4312 125126
884 4255 978 4312 omitt.
1065 4253 1133 4313 add.
1190 4262 1223 4312 81
1245 4275 1271 4312 v.
1295 4253 1399 4313 8142
1494 4253 1548 4328 Vl,
1565 4255 1646 4316 2405

492 4373 519 4414 a.
539 4353 607 4412 127.
627 4353 683 4414 128
695 4355 726 4432 ⁵)
885 4355 1003 4415 88111188
1078 4356 1092 4414 i
1192 4356 1475 4416 818.8.144881148
1493 4357 1549 4432 Vl,
1565 4357 1646 4418 2376

493 4578 517 4640 ¹)
547 4579 707 4632 Confirmant
725 4587 803 4633 notae
822 4581 944 4646 8888811)
964 4598 991 4632 8.
1006 4583 1068 4644 892,
1083 4582 1119 4644 II,
1136 4583 1170 4632 10
1189 4588 1215 4632 81
1235 4580 1320 4644 asad,
1336 4582 1379 4632 13.

492 4670 516 4733 ²)
549 4673 722 4726 confirmatur
742 4681 804 4724 nota
821 4673 948 4737 euok(ati)
968 4675 1005 4737 11,
1018 4674 1062 4725 30.

494 4761 518 4826 ³)
548 4765 647 4817 Contra
665 4767 803 4818 laterculus
822 4785 848 4818 n.
864 4767 915 4819 895
931 4767 965 4830 (r.
980 4771 1004 4817 8.
1020 4765 1047 4829 9)
1068 4767 1168 4817 videtur
1186 4768 1282 4817 incisus
1296 4783 1351 4818 esse
1364 4772 1502 4834 antequam
1515 4767 1676 4819 Carnuntum
1688 4769 1754 4833 Sep-

418 4855 518 4906 timium
538 4859 695 4922 appellatum
715 4866 760 4920 est,
780 4860 898 4910 laterculi
917 4877 942 4910 n.
957 4860 1009 4910 892
1024 4841 1054 4921 '(1‚
1072 4857 1107 4920 0).
1128 4861 1182 4910 894
1195 4857 1220 4920 (b
1238 4859 1280 4920 14)
1301 4867 1399 4924 postea.

495 4946 520 5009 ⁴>
547 4951 634 4999 Etiam
652 4950 805 5001 laterculum
824 4954 1046 5016 praetorianorum
1059 4953 1105 5012 Vl,
1121 4952 1201 5014 2386,
1228 4953 1271 5015 qni
1297 4953 1344 5001 etsi
1363 4953 1476 5016 paullum
1496 4953 1597 5003 diverse
1616 4959 1755 5017 conceptus

419 5048 464 5100 est,
485 5040 601 5091 eiusdem
626 5041 726 5092 videtur
748 5057 804 5093 esee
824 5045 940 5108 generis,
966 5045 1017 5099 iam
1037 5045 1064 5094 in
1084 5044 1200 5108 Corpore
1218 5044 1331 5094 diximus
1350 5058 1384 5094 ex
1402 5046 1507 5095 nomine
1526 5043 1754 5111 Plautimdopolr'a)

418 5134 539 5197 cognosci
558 5147 614 5184 esse
633 5134 743 5184 inuisum
761 5142 820 5185 8818
839 5136 1003 5187 interfectum
1022 5137 1196 5186 Plautianum.

497 5223 521 5285 ³)
550 5226 617 5286 11,9
639 5225 740 5276 ridetur
758 5229 930 5292 supplendum
949 5226 1168 5292 8888711888881Ι
1185 5229 1226 5279 881
1245 5230 1371 5280 similiter.
1403 5230 1536 5281 Urbanine
1550 5245 1582 5280 an
1596 5229 1756 5294 praetoriani

419 5317 584 5382 intellegendi
603 5319 661 5380 sint,
680 5317 746 5368 nihil
765 5319 871 5371 1881181.
