3618 5968
827 619 1097 668 ADDITAMENTA
1125 618 1208 668 VOL.
1229 619 1271 667 111

737 897 797 972 Ips.
839 897 940 972 Oeltnp
963 895 1003 971 (p.
1023 895 1091 955 687.
1120 895 1197 972 Eph.
1214 895 1256 966 ΙΙ,
1272 892 1358 969 445).

385 1084 458 1144 606
481 1085 518 1143 ad
541 1104 569 1142 n.
586 1082 676 1142 5673.
721 1083 907 1160 Recogaovit
935 1093 1050 1159 partem
1077 1082 1271 1158 posteriorem
1292 1101 1381 1158 qnam
1410 1082 1557 1141 edidimus
1584 1083 1710 1142 addidit·

424 1207 482 1263 que
504 1188 633 1262 priorem
656 1188 726 1245 item
742 1187 930 1244 adservatam
951 1187 982 1242 in
997 1186 1178 1244 monasterio
1194 1183 1433 1244 Seitenstettensi
1450 1185 1563 1245 thtun
1582 1183 1710 1244 Castrat-

425 1308 520 1347 comm.
540 1289 617 1348 1875
640 1310 669 1367 p.
687 1289 736 1362 76,
759 1298 913 1364 utramque
936 1290 1010 1347 dans
1033 1290 1115 1364 ligno
1138 1306 1323 1364 expressam.

770 1564 877 1607 astro
901 1566 985 1607 VALE
1019 1567 1040 1606 ti
1063 1565 1182 1607 uetans
1207 1565 1262 1606 tec
1278 1565 1297 1605 11
1315 1563 1383 1605 ΙΤΑΙ.

770 1668 810 1708 ΘΒ
821 1668 862 1708 ΑΝ
880 1668 917 1708 tx
932 1668 1000 1709 ΕΤΑ
1044 1681 1080 1708 na
1099 1667 1210 1710 matta
1232 1667 1319 1708 VERE

771 1769 923 1812 CONIVGI
953 1769 1049 1812 Elle
1071 1769 1319 1811 erasttoswtcr

769 1872 836 1915 ΑΝΟ
858 1871 982 1914 LIBERTO
1006 1873 1055 1913 stt
1095 1871 1319 1914 s·avttsttvs

712 2285 745 2324 sic
765 2281 953 2323 manvus-'a
975 2281 1011 2323 Ev
1028 2281 1136 2322 tctanvs
1159 2280 1210 2320 tta
1233 2279 1318 2321 Ettvs

1087 2311 1093 2388 1

383 2551 396 2605 l
423 2565 502 2606 rsau
526 2548 663 2606 traditur.
687 2579 725 2588 —
750 2547 767 2604 7
791 2547 921 2604 fortasse
943 2563 999 2603 ser.
1023 2561 1172 2604 rtrvuvrs.
1198 2579 1235 2588 -
1258 2546 1276 2605 8
1299 2562 1338 2604 tv
1360 2563 1414 2622 pro
1437 2563 1474 2604 av
1496 2545 1636 2605 traditur.

380 2777 454 2837 607
481 2778 519 2835 ad
545 2798 572 2835 n.
597 2778 686 2836 5674.
736 2778 924 2854 Recognovit
951 2777 1054 2856 Dungl
1083 2777 1103 2835 l.
1127 2797 1151 2836 c.
1181 2797 1209 2852 p.
1234 2775 1287 2848 783
1324 2775 1453 2835 Itertia
1477 2777 1580 2835 littera
1610 2785 1707 2855 potest

420 2881 515 2938 fuisse
538 2897 568 2939 G.

379 3108 452 3170 608
476 3109 536 3184 Qui
561 3130 657 3188 nuper
682 3113 792 3188 reperti
820 3119 889 3170 sunt
904 3111 1103 3169 Ferschnitaii
1125 3109 1202 3169 rituli
1225 3112 1284 3169 duo
1299 3111 1340 3168 D.
1355 3110 1399 3168 Μ.
1414 3111 1555 3171 Aemiliae
1572 3097 1706 3190 Chrysidr'

422 3213 470 3270 lib.
493 3220 522 3271 et
543 3231 619 3289 quae
642 3224 817 3291 sequuntur,
840 3216 909 3273 item
929 3214 958 3273 0.
974 3213 1033 3271 Iul.
1049 3212 1147 3270 Prisci
1168 3233 1194 3271 v.
1209 3231 1237 3271 a.
1251 3213 1298 3271 VI
1313 3232 1348 3270 m.
1365 3213 1400 3271 X
1417 3215 1444 3270 d.
1458 3213 1541 3272 VIII
1556 3216 1617 3275 lat.
1638 3216 1704 3276 Ger-

419 3333 520 3374 manus
542 3325 570 3373 et
592 3334 668 3391 quae
690 3325 855 3392 sequuntur
877 3316 976 3390 (cuius
999 3315 1078 3374 tituli
1100 3315 1187 3374 hodie
1210 3315 1294 3373 deest
1315 3316 1518 3392 principium),
1540 3318 1615 3376 editi
1637 3339 1705 3378 cura

420 3417 546 3476 Widteri
566 3417 779 3477 Centraleomm.
798 3418 875 3478 1877
894 3438 922 3493 p.
940 3416 992 3477 GL
1015 3427 1044 3475 et
1059 3417 1256 3475 Hirschfeldii
1271 3416 1403 3477 Mitras
1426 3438 1455 3494 p.
1472 3419 1541 3478 103.
1561 3421 1632 3493 104,
1654 3439 1703 3478 eos

419 3519 609 3579 Burmannus
631 3522 726 3596 perite
748 3523 864 3579 monuit
884 3520 959 3577 duos
982 3537 1049 3578 esse
1072 3539 1110 3577 ex
1131 3527 1272 3596 quattuor
1295 3519 1337 3596 (v.
1354 3521 1454 3581 votv
1476 3541 1504 3578 n.
1522 3521 1630 3600 332³),
1656 3527 1703 3600 qui

419 3622 577 3699 insipiente
599 3641 678 3681 saec.
694 3624 772 3682 XVI
794 3643 832 3681 ex
854 3641 926 3700 agro
948 3622 1109 3695 Patavina,
1132 3631 1164 3680 ut
1186 3623 1284 3694 aiunt,
1307 3641 1377 3680 vere
1399 3632 1497 3684 autem
1519 3643 1537 3681 a
1559 3625 1703 3684 Ravenm

419 3725 449 3782 in
472 3723 664 3782 Germaniam
691 3727 830 3784 translati
857 3736 927 3783 sunt
955 3736 985 3783 et
1010 3726 1039 3782 in
1067 3743 1134 3782 arce
1150 3723 1357 3801 Welenburgii
1384 3725 1624 3803 supraVindam
1652 3729 1702 3786 flu·

420 3826 500 3884 vium
523 3845 615 3902 prope
632 3830 798 3904 Augustam
812 3827 1034 3885 vindelicorum
1057 3827 1242 3885 aMatthaeo
1259 3827 1403 3885 cardinali
1425 3837 1456 3886 et
1477 3831 1700 3908 archiepiscopo

420 3927 630 4004 Salzburgensi
657 3929 804 3988 collocati.
852 3930 901 3988 Ex
928 3948 963 3986 ea
990 3949 1057 3988 arse
1090 3947 1148 4004 quo
1174 3929 1262 3987 modo
1290 3928 1530 3990 Fersehnitzium
1559 3935 1701 4002 venerint,

418 4031 538 4088 videant
560 4051 662 4091 eorum
685 4032 814 4091 lusorum
837 4033 931 4108 gnari.

1192 4171 1465 4181 ——-—.-..——

377 4257 451 4317 609
473 4261 529 4333 aus
547 4262 598 4318 der
619 4261 723 4319 Mauer
743 4281 836 4339 prope
860 4260 968 4338 Oeling
995 4261 1024 4318 in
1047 4279 1115 4320 casu
1140 4261 1252 4320 rustica
1273 4283 1301 4340 q.
1320 4263 1347 4322 d.
1372 4267 1417 4324 dr'e
1438 4266 1522 4342 Barp
1543 4267 1617 4326 olim
1639 4266 1698 4336 suit,

418 4361 506 4419 hodie
528 4361 720 4422 desideratur.

846 4548 968 4590 .atstt
1027 4577 1033 4589 .
1078 4575 1084 4590 .
1129 4576 1136 4590 .
1181 4579 1188 4592 .

837 4649 1084 4693 mara-sT·so.
1128 4677 1137 4693 .
1182 4680 1188 4694 .

865 4751 1085 4794 tantast-V.
1130 4781 1137 4794 .
1182 4781 1188 4794 .

866 4854 1032 4895 issima.
1076 4881 1083 4896 .
1129 4881 1136 4896 .

781 4959 792 4996 5
872 4956 1032 4999 ,ET·vttt.
1077 4983 1084 4998 ·
1129 4983 1135 4998 .
1181 4984 1188 4998 .

375 5210 424 5269 Ex
440 5211 558 5269 schedia
574 5213 741 5271 adservatis
757 5213 787 5271 in
803 5213 949 5274 tabulario
964 5215 1081 5292 privato
1096 5217 1284 5294 imperatoris
1297 5219 1439 5277 Austriae
1454 5218 1558 5298 Dungl
1572 5217 1691 5278 Castrat-

359 5331 470 5384 ,comm
490 5312 568 5371 1875
590 5333 619 5388 p.
636 5314 684 5372 79.
