3684 5984
425 614 498 686 358
1027 635 1149 686 cavus

508 807 725 888 signiferorum
751 810 903 886 exempla,
933 827 1010 886 quae
1041 827 1080 867 ex
1109 808 1292 879 cohortibus,
1310 807 1432 886 vigilum
1459 808 1549 885 vulgo
1575 809 1742 881 afferuntur,

422 911 501 972 falsa
523 921 605 971 suut:

507 1012 574 1074 27“.
606 1015 645 1072 A.
669 1011 791 1074 Silanus
810 1015 877 1074 coh.
892 1015 908 1072 Ι
923 1015 1004 1090 uigil.
1020 1014 1153 1091 signifer.
1188 1016 1339 1066 Beneventi.
1358 1015 1407 1078 IX,
1422 1014 1740 1077 1625=1.1t.N.1464,

422 1119 545 1169 Kellerm.
562 1121 604 1169 77.
633 1117 749 1170 Titulum
768 1121 860 1170 misere
877 1120 1060 1184 interpolatum
1080 1134 1136 1169 esse
1155 1119 1243 1169 docuit
1254 1118 1438 1180 Mommseuus,
1459 1119 1503 1183 qui
1515 1118 1639 1168 restituit:
1659 1119 1695 1168 A.
1707 1119 1742 1172 Si·

422 1211 496 1261 lanus
515 1211 545 1261 Ι..
564 1211 583 1261 f.
603 1212 657 1264 ste.
675 1213 724 1277 leg.
739 1213 766 1262 11
785 1213 901 1276 signifer.

507 1298 575 1361 28*.
608 1301 648 1359 M.
665 1302 807 1361 Aurelius
823 1302 1025 1380 Aphrodisius
1041 1307 1129 1380 sign,
1151 1320 1186 1354 sc·
1203 1303 1317 1354 cohortis
1329 1304 1383 1354 VII
1402 1304 1517 1368 vigilum,
1536 1303 1644 1366 Romae.
1664 1311 1741 1355 eene

422 1405 541 1470 Septimii
561 1407 657 1459 Severi.
695 1402 1035 1458 Kellerm.1=t⁷1742⁸.
1074 1407 1175 1457 Titulus
1194 1421 1210 1456 a
1228 1406 1321 1458 Rossio
1340 1406 1457 1456 reiectus.

422 1495 540 1570 Quodsi
562 1497 649 1574 signa
671 1498 870 1556 centuriarum
891 1499 972 1574 apud
994 1498 1101 1574 vigiles
1116 1517 1135 1556 a
1151 1495 1325 1570 vexillariis,
1348 1498 1379 1554 in
1398 1497 1547 1573 praetorio
1565 1514 1584 1555 a
1599 1497 1742 1574 signiferis

420 1598 608 1675 gerebantur,
634 1600 704 1658 inde
729 1601 830 1676 colligi
856 1610 955 1677 potest
981 1600 1154 1678 dignitatem
1181 1599 1316 1678 signiferi
1338 1600 1521 1675 superiorem
1541 1598 1638 1659 fuisse
1659 1617 1741 1676 quam

420 1700 579 1760 vexillarii.
614 1701 733 1761 Erravit
754 1703 845 1780 igitur
866 1702 1089 1778 Marqnardtius
1112 1702 1155 1780 (p.
1172 1701 1258 1778 527),
1280 1703 1330 1778 qui
1351 1710 1438 1780 putat
1458 1701 1537 1780 apud
1556 1701 1674 1776 equites
1689 1701 1741 1759 sio·

420 1803 540 1881 gulares
564 1803 723 1882 signiferos
746 1805 833 1882 signa
854 1813 1026 1878 turmarum,
1050 1804 1238 1864 vexillarium
1253 1804 1319 1864 alae
1334 1805 1482 1883 gessisse3
1503 1822 1598 1880 neque
1612 1803 1670 1862 hac
1684 1803 1742 1862 sola

420 1925 452 1964 re
468 1907 579 1966 erravit
593 1907 646 1965 sed
662 1907 750 1966 etiam
766 1927 811 1978 eo,
828 1909 908 1984 quod
924 1907 1002 1966 alam
1017 1907 1148 1984 equitum
1164 1907 1357 1984 singularium
1370 1906 1452 1978 dicit,
1467 1907 1519 1983 qui
1529 1906 1586 1966 fuit
1596 1923 1753 1965 uumerus..

502 2008 544 2067 Il.
581 2007 649 2082 Quo
672 2010 760 2069 modo
784 2010 865 2088 apud
886 2010 993 2088 vigiles
1016 2009 1164 2068 vexillarii
1186 2009 1289 2069 eodem
1311 2010 1341 2068 in
1363 2009 1513 2086 praetorio
1536 2008 1671 2086 signiferi
1687 2009 1741 2068 sin·

419 2110 482 2187 guli
505 2111 631 2189 singulis
653 2114 796 2173 centuriis
818 2113 961 2191 adscripti
983 2112 1077 2172 fuisse
1100 2111 1245 2170 videntur.

501 2213 542 2272 Et
562 2214 699 2274 laterculi
721 2215 842 2292 quidem
863 2214 989 2274 militum
1010 2215 1277 2292 praetorianorum,
1298 2215 1330 2274 in
1352 2214 1459 2292 quibus
1481 2214 1589 2274 milites
1609 2233 1670 2273 non
1685 2233 1740 2273 om·

418 2333 471 2374 nes
493 2317 560 2389 sed,
591 2319 643 2392 qni
669 2335 728 2376 uno
750 2319 879 2394 quodam
902 2336 981 2376 anno
1002 2318 1051 2376 vel
1073 2318 1193 2376 biennio
1213 2317 1283 2376 iacti
1306 2318 1380 2388 sint,
1411 2325 1627 2389 enumerentur,
1656 2318 1741 2394 pauci

418 2429 541 2478 exstant
561 2437 596 2478 ac
616 2439 653 2479 ne
675 2420 703 2478 ei
725 2420 845 2496 quidem
866 2421 983 2498 integri.
1032 2418 1091 2493 Qui
1117 2437 1297 2497 quamquam
1318 2439 1378 2478 non
1400 2428 1461 2478 tam
1483 2420 1627 2497 amplum,
1655 2439 1741 2498 quam

418 2539 478 2597 quo
501 2521 530 2578 in
553 2522 694 2600 vigilibus
716 2523 757 2582 uti
779 2524 945 2600 potuimus,
973 2531 1071 2580 tamen
1097 2521 1220 2600 aliquod
1246 2522 1511 2598 argumentationis
1532 2532 1655 2582 nostrae
1677 2524 1741 2582 sub·

418 2623 528 2683 sidium
549 2625 702 2703 praebent
746 2626 782 2684 In
804 2627 847 2685 eis
869 2625 1004 2704 signiferi
1027 2624 1215 2701 reperiuntur
1235 2625 1280 2682 hi:

481 2725 530 2786 29.
566 2727 642 2804 sign.
665 2728 705 2786 M.
729 2729 876 2788 Aebutius
892 2728 990 2788 Verus
1009 2728 1086 2804 Aug.
1103 2725 1208 2799 Taur,
1230 2729 1287 2780 coh.
1300 2728 1328 2780 11
1341 2736 1431 2794 praet,
1451 2731 1565 2781 centuria

1419 2814 1528 2865 Placidi.

481 2903 530 2963 30·
564 2922 644 2962 “⁰⁰⁴
667 2924 706 2963 ⁶¹
729 2905 783 2982 ⁵58·
806 2905 848 2963 M·
870 2905 983 2964 Atilius
1006 2902 1168 2964 Successus
1184 2903 1298 2976 Tiburi,
1321 2905 1378 2956 coh.
1392 2906 1428 2968 11,
1449 2908 1565 2958 centuria
1591 2879 1739 2946 *ΜΝ

1380 2989 1529 3041 Clementis,
1601 2971 1662 3022 143.
1674 2973 1731 3022 144.

480 3081 528 3138 31.
564 3081 620 3159 sig.
633 3081 673 3139 M.
688 3080 841 3140 Publicius
853 3080 1000 3140 Proculus
1013 3078 1162 3152 cremon,
1175 3080 1303 3143 coh-1111,
1315 3083 1430 3132 centuria
1439 3081 1563 3134 Poenus.

481 3181 529 3241 32.
563 3182 619 3260 sig.
642 3183 678 3242 P.
702 3180 845 3242 Seneoius
862 3184 1056 3260 Apronianus
1079 3182 1199 3255 Parma,
1222 3184 1279 3234 coh.
1290 3184 1355 3246 1111,
1369 3183 1563 3234 centuriaveri.

480 3284 529 3343 33.
563 3285 640 3362 sign.
655 3286 691 3345 Ι..
708 3286 852 3345 Aemilius
868 3286 972 3345 Victor
986 3285 1128 3358 Venusia,
1145 3286 1201 3337 coh·
1213 3288 1245 3336 V·

479 3387 527 3446 34.
562 3387 638 3464 sign.
663 3387 697 3447 C.
720 3388 867 3466 Egnatius
891 3389 1035 3464 Agricola
1056 3387 1183 3460 Boron„
1206 3388 1307 3450 conv,
1328 3389 1443 3439 centuria
1460 3389 1551 3441 Firmi.

479 3490 528 3548 35.
563 3490 618 3566 sig.
641 3488 677 3549 L.
701 3489 825 3550 Laelius
848 3489 950 3568 Nepos
965 3489 1106 3561 Vercell,
1128 3491 1204 3541 con?
1224 3492 1339 3541 centurie
1355 3491 1469 3542 ledarni.

479 3591 527 3651 36.
561 3593 617 3670 sig.
640 3593 676 3653 T.
699 3593 856 3669 M[a]rcius
879 3593 999 3651 Firmus
1021 3591 1132 3665 Celeia,
1155 3595 1270 3644 centuria
1290 3592 1397 3643 Comici.

478 3695 526 3752 37.
560 3696 616 3772 sig.
640 3675 680 3752 ir.
702 3693 839 3772 ulpius
862 3696 981 3755 narsus
1005 3693 1196 3770 caesana),
1219 3695 1334 3744 centua.
1353 3695 1459 3746 sones.
1524 3723 1572 3784 VI,
1586 3722 1655 3773 2385
1669 3743 1703 3764 =

477 3795 526 3854 38.
560 3798 616 3873 sig.
640 3793 674 3856 C.
697 3796 805 3868 Iullus,
829 3801 941 3850 centuria
957 3800 1052 3850 Aemili
1062 3798 1188 3848 Valentis.
1520 3813 1587 3879 gph·
1600 3814 1646 3876 Ν,
1663 3817 1716 3866 395

478 3897 527 3955 39.
561 3898 617 3976 sig.
642 3896 676 3956 C.
699 3897 796 3958 Iulius
819 3898 1201 3975 Hilar[us],centnria1nlii.
1519 3921 1545 3970 p.
1560 3905 1713 3958 ant-332.

477 4000 526 4057 40.
560 4001 614 4078 sig.
638 4001 672 4059 P.
696 4001 857 4061 Petronius
879 4001 986 4059 Im...
1001 4044 1030 4072 .‚
1051 4001 1165 4052 centuria
1184 4000 1284 4051 Munati
1304 3999 1355 4048 Pii.

477 4100 526 4158 41.
561 4102 617 4178 sig.
641 4102 677 4161 T.
700 4103 791 4162 Nasu.
814 4101 915 4165 sever.
959 4107 1006 4168 VI,
1022 4107 1102 4155 2400.

415 4200 563 4275 Quoniam
586 4203 617 4262 in
639 4205 756 4266 duabus
786 4207 959 4266 cohortibus
982 4205 1070 4281 (1111.
1086 4205 1129 4281 V)
1156 4203 1216 4263 bini
1244 4203 1378 4280 signiferi
1406 4213 1683 4275 commemorantur,
1711 4203 1738 4260 ei

415 4324 473 4364 non
506 4324 609 4366 omnes
641 4308 729 4386 signa
759 4311 923 4368 cohortium
957 4309 1009 4368 sed
1041 4316 1091 4366 aut
1122 4325 1225 4364 omnes
1260 4315 1311 4364 aut
1340 4305 1478 4364 nonnulli
1509 4325 1547 4363 ex
1577 4306 1622 4364 eis
1653 4305 1738 4384 signa

414 4409 613 4468 centuriarum
634 4412 766 4487 gessisse
788 4413 913 4488 putandi
935 4419 1014 4470 sunt.
1057 4409 1127 4469 Huc
1148 4409 1292 4468 accedunt
1313 4408 1373 4466 duo
1395 4407 1548 4485 exempla,
1575 4407 1606 4466 in
1631 4409 1736 4484 quibus

413 4511 512 4588 ipsum
535 4531 642 4573 munus
665 4513 799 4592 signiferi
821 4515 859 4572 ad
881 4514 1010 4590 aliquam
1033 4512 1196 4572 centuriam
1217 4510 1356 4570 refertur:

496 4613 546 4674 42.
579 4615 615 4675 L.
642 4616 788 4693 Pompeio
813 4615 849 4674 Ι..
877 4617 896 4674 f.
924 4614 1114 4692 Pom(ptina)
1142 4614 1278 4673 Reburro
1304 4611 1414 4684 fabro,
1445 4610 1578 4690 Gigurro
1605 4609 1736 4672 Calubri-

413 4715 539 4795 gen(si),
561 4718 687 4795 probato
708 4720 739 4778 iu
761 4720 826 4777 coh.
843 4717 904 4776 VII
926 4738 971 4795 pr.
993 4717 1182 4778 beneficiario
1203 4714 1323 4788 tribuni,
1346 4715 1506 4774 tesserario
1520 4715 1551 4773 in
1568 4715 1735 4792 (centuria),

414 4818 527 4895 optioni
549 4820 580 4878 in
603 4820 773 4896 (centuria),
796 4820 939 4898 signifero
962 4821 993 4879 iu
1014 4819 1187 4896 (centuria),
1209 4818 1275 4877 fisci
1294 4817 1433 4888 curatori,
1456 4835 1537 4876 corn.
1554 4817 1635 4892 crib,
1656 4835 1734 4877 erec.

413 4922 494 4998 Aug.
537 4923 727 4988 Compostellae
746 4927 773 4976 iu
792 4927 907 4976 Asturia.
945 4926 982 4986 II,
997 4923 1076 4974 2610.

496 5014 546 5073 43.
579 5014 620 5073 Μ.
638 5015 748 5092 Ulpius
772 5017 921 5094 ingenuus
944 5015 1043 5092 signif.
1066 5015 1131 5072 coh.
1147 5015 1207 5072 Vll
1228 5033 1272 5090 pr.
1297 5013 1457 5091 (centuria)
1472 5013 1561 5090 Appi.
1595 5016 1643 5078 vi,
1657 5015 1734 5066 3336.

412 5118 556 5176 Attamen
578 5117 720 5193 quoniam
742 5117 864 5177 dubium
885 5137 944 5176 uon
967 5125 1021 5188 est,
1044 5117 1115 5193 quin
1136 5117 1226 5176 etiam
1247 5117 1383 5176 cohortes
1399 5117 1567 5194 praetoriae
1582 5135 1637 5176 sua
1650 5117 1734 5194 signa

412 5220 579 5290 habuerint,
601 5219 695 5279 sicubi
716 5219 849 5296 signiferi
871 5241 910 5280 ex
930 5220 1081 5296 praetorio
1102 5228 1154 5278 aut
1175 5238 1214 5278 ex
1236 5219 1339 5296 aliqua
1360 5219 1482 5279 cohorte
1503 5237 1732 5278 commemoran-

1628 3251 1657 3302 Ο.
1672 3251 1719 3312 vl,

1628 3343 1708 3394 2379.

413 5329 471 5394 tur,
493 5320 651 5380 diiudicari
671 5340 732 5380 non
753 5331 861 5400 potest,
883 5330 982 5382 utrum
1004 5322 1035 5380 in
1053 5322 1187 5381 centuria
1201 5341 1241 5380 an
1255 5321 1284 5380 in
1300 5322 1421 5382 cohorte
1436 5323 1492 5382 hoc
1507 5340 1629 5381 munere
1642 5321 1734 5382 functi
1821 5363 1822 5368 .

413 5422 481 5482 sint.
526 5423 615 5482 Talia
636 5425 772 5502 exempla
793 5431 864 5483 sunt
884 5423 970 5483 haec:
